3190 5284
1244 283 1304 347 133

71 479 107 540 διά
130 478 285 563 συμφώνου
310 497 366 560 μοι
391 477 529 540 δέδωκεν
558 473 574 540 6
604 473 763 560 αὐθέντης
791 479 847 539 καί
870 479 974 562 πατηρ
998 441 1211 560 μου-ἐκεῖνος,
1236 474 1303 541 'lw-

70 606 140 685 άννης
160 595 175 662 ό
196 597 390 686 Μαγκαμάς,
417 598 460 684 τῷ
485 597 613 685 ἀριθμῷ
634 597 735 664 εἴκοσι
759 600 825 676 δύο,
851 600 953 662 ἔδωκε
976 599 1012 662 δέ
1039 597 1100 663 ἀπό
1125 599 1240 662 τούτων
1264 601 1303 664 τὰ

33 711 34 784 λ
68 723 155 788 ἕνδεκα
176 719 248 808 ὑπὲρ
266 723 469 809 μνημοσύνοω
494 719 591 787 αύτυύ
609 745 641 786 τε
665 727 722 786 καί
744 719 832 809 ἡμῶν
855 725 933 808 πρὸς
954 725 1010 809 την
1035 717 1191 809 ῥηθεῖσαν
1209 720 1303 801 ἁγίαν

69 848 151 934 μονὴν,
184 850 222 912 τά
249 846 286 910 δέ
314 845 410 932 ἕτερα
437 843 568 924 ἕνδεκα,
603 844 656 910 ἵνα
683 848 905 932 διαπραθωσιν
941 847 985 920 εἰς
1020 848 1075 932 την
1105 849 1202 933 μόνην
1230 845 1303 932 παρ’

66 969 138 1056 ἡμῶν.
160 967 200 1043 ὣς
221 969 258 1034 δέ
276 992 314 1049 γε
338 970 382 1056 tq}
404 971 487 1034 τέλει
503 977 559 1034 τσῦ
584 971 653 1054 βίου
670 967 831 1057 ἐχρήσατο
848 973 903 1034 καί
927 970 972 1044 είς
988 975 1027 1034 τὰ
1051 969 1178 1035 ίκείθτν
1204 969 1302 1057 ἐπέβη

68 1096 257 1181 δικαστήρια,
288 1093 348 1158 ούκ
374 1094 498 1183 ἔφθασε
534 1095 570 1158 δέ
597 1095 800 1180 ποιήσασθαι
827 1098 998 1182 πρατηριυν
1034 1095 1078 1168 είς
1105 1098 1143 1158 τὰ
1171 1103 1303 1159 τοιαῦτα

68 1217 153 1282 ἐλαῖκά
172 1221 247 1303 πρός
271 1220 330 1304 τὴν
355 1219 534 1303 σεβασμίαν
557 1221 613 1282 καί
637 1215 731 1296 ἁγίαν
755 1219 922 1304 βασιλικήν
948 1221 1054 1305 μονην,
1080 1220 1134 1306 την
1155 1222 1301 1305 σήμερον

68 1352 119 1418 γούν
143 1339 320 1428 ἒπιδίδομέν
350 1365 409 1423 σοι,
435 1341 477 1426 τῷ
501 1345 728 1426 πανυαιωτσίτιρ
753 1337 894 1428 αὐθέντῃ
918 1347 974 1406 καί
997 1345 1103 1428 πατρί,
1131 1343 1301 1429 καθηγου·

68 1464 125 1550 μίνιρ
148 1470 200 1531 καί
222 1465 428 1552 ἱερσμυνάχιρ
456 1465 618 1552 Κυρίλλιρ,
642 1473 697 1551 τῆς
726 1467 875 1552 τοιαύτης
899 1473 1012 1552 μονῆς,
1049 1467 1082 1530 έν
1105 1471 1239 1552 πρώτοις
1267 1467 1301 1528 τό

32 1605 33 1608 ’
66 1595 200 1676 τραιήριον
229 1600 291 1654 τῶν
328 1592 475 1654 τοιούτων
501 1587 636 1654 έλαίκων
671 1591 816 1674 δένδρων,
847 1590 955 1654 ἔπειτα
991 1587 1067 1676 ύπέρ
1103 1591 1303 1676 μνημοσύνυυ

32 1721 33 1806 ί
65 1711 125 1798 ἡμῶν
149 1713 260 1778 έλαῖκά
292 1715 422 1799 δένδρα,
452 1711 518 1778 ἐπεὶ
547 1717 586 1778 τὰ
612 1712 707 1799 ἕτερα
729 1711 845 1778 ἕνδεκα
873 1719 1093 1800 πιπράσκυμτν
1117 1717 1195 1800 πρός
1220 1711 1303 1798 ὑμᾶς

67 1835 94 1910 εὶς
111 1843 282 1924 νομίσματα
308 1833 467 1924 ύπέρπυρα
492 1835 605 1917 ἐξάγια
629 1842 771 1922 τέσσαρσι
794 1857 824 1902 κ.
850 1861 876 1903 τ.
902 1839 929 1902 λ.
955 1835 1045 1910 ὅστις
1066 1846 1141 1916 γοῦν
1166 1859 1196 1902 κ.
1221 1857 1246 1900 τ.
1272 1838 1300 1900 λ.

32 1961 33 2052 ρ
67 1965 135 2044 ζημίη
157 1958 402 2044 ύπσκεισόμεθα
437 1957 597 2048 ύπίρπυρα
633 1961 760 2024 δώδεκα
789 1966 844 2024 καί
872 1965 906 2026 τό
930 1965 1014 2026 κατὰ
1039 1965 1155 2048 νόμους
1181 1960 1224 2033 τίς
1248 1964 1300 2024 τόν

68 2087 198 2170 δημόσιον,
235 2087 281 2172 μὴ
313 2085 356 2158 εἴς
385 2107 452 2149 τινα
480 2083 614 2172 νυμικην
642 2086 798 2170 βοήθειαν
827 2087 1095 2172 καταφεύγοντες,
1128 2085 1211 2148 ἀλλὰ
1246 2089 1302 2148 καί

32 2233 33 2304 μ
70 2209 163 2296 ἱςέχη
184 2210 439 2292 καταβαλέσθαι
462 2207 507 2282 εἷς
531 2207 612 2272 αύτάι
639 2205 766 2282 ἐξόδους
790 2207 837 2282 εἰς
860 2211 896 2272 τά
921 2194 1085 2273 διπλάσιον
1111 2211 1300 2294 ζημιωθεῖεν

32 2330 274 2420 νἰτάςμηνί
302 2331 635 2417 ἀπριλλίιρίνδ.
662 2332 788 2415 β’τυύ
815 2331 942 2418 ,ςψξζ
969 2333 1156 2405 έτουςκ.
1182 2333 1253 2396 τ.λ.

126 2473 297 2560 Μάρτυρες·
326 2473 423 2540 Ξένος
451 2471 467 2538 ό
491 2473 680 2558 Καπύλλης,
709 2471 855 2558 Ἰωάννης
879 2471 895 2538 6
924 2473 1081 2559 Σμύρνης,
1111 2471 1256 2559 Ἰωάννης
1284 2471 1300 2538 6

69 2595 198 2683 ίίηλτβᾱς,
222 2601 378 2670 διάκονος
402 2595 418 2661 6
443 2597 651 2683 Συρόπουλος,
675 2596 838 2670 Νικόλαος
862 2595 878 2662 6
902 2595 1096 2684 Κριτζάτης,
1125 2595 1260 2683 Μιχαὴλ
1283 2593 1300 2659 6

70 2720 175 2806 λιγυρός,
197 2723 366 2795 Νικόλαος
390 2719 406 2784 6
430 2721 628 2806 Μαδαρίτης.

127 2859 1208 2952 γὈγραμεύςτοῦύφυυς,εύτελὴςἱερεύςκαί
1237 2883 1298 2925 νυ-

70 2991 168 3066 μικύς
195 2999 274 3074 τῆς
304 2987 573 3072 ἁγιωτάτης
609 2987 943 3072 μητροπόλεως
979 2985 1186 3071 Σμύρνης
1222 2989 1298 3048 καί

70 3107 220 3196 ὲνορίας
248 3106 1298 3195 Μανταίας,’ίωάννηςόΛαυδικηνύς,τὰτού

70 3227 1212 3322 ύρουςδηλούμεναγράψαςκαίμαρτύρωνύπέγραψ
1267 3236 1296 3311 †.

330 3481 421 3548 LXV.
440 3481 514 3547 Sino
530 3501 620 3560 anno,
639 3501 744 3544 mense
761 3479 847 3556 iulio,
867 3477 930 3543 ind.
948 3477 999 3542 VI.

312 3629 439 3684 Ιυαιιιισιι
453 3629 600 3682 Ιάινίοίσο
615 3631 786 3682 monasterio
801 3629 896 3681 vendit
913 3629 1012 3684 οίίινιπ.

128 3799 248 3884 Signa:
274 3799 420 3865 Ἰωάννου
444 3809 499 3863 τού
524 3797 774 3882 Παρδολέοντος,
799 3794 936 3882 Είρήνης
960 3807 1015 3882 της
1040 3799 1172 3881 συμβίυυ
1191 3794 1297 3872 αύτυύ,

70 3911 234 4006 ’λνδρονίκυυ
254 3927 313 3988 καὶ
329 3919 472 4008 Μιχαὴλ,
497 3932 557 3985 τῶν
581 3919 653 3985 υἱῶν
671 3917 781 3998 αὐτῶν,
807 3923 862 3983 καί
886 3918 1049 4004 Ῥωμανσύ
1070 3927 1125 3984 τοῦ
1144 3917 1295 4004 Βαρίτυυ.

128 4065 213 4142 ῒἘν
237 4063 374 4150 όνόματι
405 4085 433 4127 κ.
458 4085 484 4128 τ.
514 4065 542 4126 λ.
571 4058 661 4148 ἡμεῖς
689 4060 717 4124 οἱ
746 4059 870 4125 ἄνωθεν
893 4083 924 4124 κ.
949 4083 974 4125 τ.
997 4061 1025 4124 λ.
1055 4062 1110 4145 τὴν
1133 4069 1297 4144 παροῦσαν

71 4181 190 4274 ἔγγραφον
215 4194 273 4255 καί
298 4187 514 4275 ίνοπόγραφυν
536 4237 542 4250 .
567 4237 573 4250 .
597 4237 603 4250 .
628 4237 634 4249 .
663 4193 777 4270 πρᾶσιν
800 4193 962 4257 ποιοῦντες
989 4205 1019 4248 κ.
1045 4205 1070 4247 τ.
1096 4183 1123 4245 λ.
1148 4185 1224 4266 πρός
1248 4186 1299 4259 σέ,

71 4308 103 4368 τόν
123 4317 351 4378 πανοσιώτατον
373 4311 620 4396 καθηγούμενον
648 4317 702 4394 τῆς
727 4310 903 4393 σεβασμίας
928 4308 1096 4392 βασιλικῆς
1121 4315 1218 4392 μονῆς
1241 4315 1296 4391 τῆς

72 4425 208 4515 ύπεράγνοο
237 4459 299 4522 μου
328 4437 528 4520 θεομήτορυς
558 4441 613 4518 τῆς
638 4429 897 4517 Λεμβιωτίσσης,
926 4432 979 4493 τόν
1007 4428 1215 4515 ἱερυμόναχυν
1238 4437 1296 4512 κύρ

73 4549 181 4644 λλίμην,
204 4565 255 4626 τόν
280 4561 424 4645 μοναχὸν
449 4557 555 4640 Σάβαν
580 4559 635 4620 καί
658 4559 778 4626 πάντας
802 4554 873 4625 τούς
898 4554 1068 4639 μαναχυύς,
1100 4554 1213 4625 καθὼς
1237 4555 1295 4638 δη-

75 4673 226 4767 λωθήσεται.
256 4687 315 4748 καί
345 4685 405 4766 γάρ
439 4685 477 4744 τά
507 4679 621 4744 έλαίκδι
644 4675 732 4764 ἡμῶν
757 4678 884 4762 δένδρα,
911 4675 990 4762 ἅπερ
1015 4677 1080 4763 ἔχω
1105 4675 1141 4739 ἐκ
1165 4683 1295 4760 προικός
