3168 5274
1260 255 1324 324 297

60 449 109 506 καί
137 445 174 506 τό
202 445 409 529 πλανώμενον
438 445 631 532 ἐπιστρέψει,
655 453 711 512 καί
740 452 774 512 τύ
805 453 956 534 παράπαν
981 454 1096 534 ψιύριον
1122 447 1326 536 ἀθεράπευτα

60 571 180 652 μακρὰν
208 566 380 634 ἀπελάσειε
405 578 459 632 τού
482 575 642 656 ποιμνίου,
668 573 710 658 μή
736 570 797 636 ἀπό
821 581 876 658 τῆς
900 573 1002 658 λύμης
1032 572 1158 659 μεταδῷ
1184 577 1240 638 καί
1263 587 1326 650 τοῖς

61 689 260 769 ύγιαίνουσιν.
373 690 426 758 ούν
452 689 565 767 αύτούς
590 693 767 772 ἀγωνιστὰς
797 691 961 782 ύπαλείψει
988 700 1044 759 καί
1073 697 1146 768 τούς
1174 717 1236 760 κατ

62 819 194 889 δούντας
209 817 306 880 πλέον
332 815 386 880 έπε
405 862 565 883 .......
590 821 667 903 πρός
685 867 845 883 .......
872 839 934 898 σιν,
958 817 1039 884 ὥστε
1056 829 1192 907 φανῆναι
1215 823 1251 884 τύ
1268 797 1322 886 τού

61 939 199 1025 λάτροος
224 937 300 1026 όρος
324 943 359 1005 τύ
383 945 535 1020 πανάγιον
561 939 780 1029 ἀφοσιωμένον
808 942 876 1029 θεῷ
899 944 963 1007 καλ
979 991 1242 1010 ...........
1267 953 1322 1010 τού

64 1065 151 1146 ύτβίδ
177 1061 253 1150 ὄρος
275 1115 437 1131 .......
469 1062 542 1151 όρος
572 1070 797 1153 πεπυρωμένον,
823 1065 865 1140 ὣς
889 1067 941 1133 σία
965 1067 1008 1154 τῷ
1034 1071 1185 1153 πνεύματι
1212 1073 1322 1156 κυρίου

62 1191 296 1274 περιρρεόμενον
324 1190 485 1270 γάλακτι,Ι
510 1187 586 1276 ὅπερ
616 1189 698 1256 οἶδεν
734 1191 899 1276 έκβλύίειν
928 1195 1047 1278 σαρκός
1075 1189 1232 1266 ἐπιπόνοις
1263 1189 1322 1258 ύπό

60 1326 196 1399 τιευμοῖς
219 1317 277 1377 καὶ
293 1362 429 1380 ......
455 1315 601 1400 θλίψεσιν
626 1311 669 1388 ὡς
694 1319 750 1401 μέν
768 1367 775 1380 .
846 1365 853 1381 .
872 1363 904 1382 ..
930 1318 1121 1403 συγχυτικόν
1146 1325 1202 1404 τῆς
1225 1337 1323 1404 πονη-

61 1448 111 1520 ρᾶς
145 1434 252 1524 όρεως
287 1447 347 1500 τιῖν
376 1434 522 1502 ἐναντίων
558 1437 736 1523 δυνάμεων,
772 1435 822 1510 αἶς
850 1440 940 1528 φίλον
969 1437 1049 1516 ἐστί,
1085 1445 1192 1506 καίτοι
1221 1439 1322 1506 τᾶλλα

58 1563 226 1646 φθονεραῖς
256 1563 505 1646 τυγχανούσαις,
534 1565 573 1626 τὰ
601 1559 633 1626 έν
669 1559 849 1648 ἀνθρώποις
876 1567 1048 1649 περιέργως
1076 1561 1243 1650 ἐπιτηρεῖν,
1278 1561 1321 1638 ύς

58 1685 91 1746 δέ
117 1683 233 1748 ἄσκιον
261 1685 315 1748 διὰ
344 1686 379 1748 τό
404 1683 586 1770 ἀμέθεκτον
610 1696 670 1750 τῶν
695 1655 891 1771 ύλικωτέρων
920 1688 1087 1775 ἐμφάσεων
1112 1690 1168 1752 καί
1194 1685 1238 1762 ιδς
1266 1683 1320 1753 ού-

57 1831 95 1872 τω
115 1811 213 1896 φάναι
239 1805 449 1896 ἆφσίνταστον.
476 1810 518 1896 μή
543 1805 598 1875 οὖν
627 1829 663 1888 γε
690 1813 745 1874 καί
773 1813 923 1898 τρόφιμον
952 1813 1066 1897 ψυχαῖς
1097 1807 1319 1884 έκλειπούσαις

56 1933 105 1996 διὰ
129 1933 223 2018 λιμόν
247 1939 302 1995 τού
327 1933 362 1994 τύ
390 1934 478 1996 θεῖον
507 1933 614 2012 λόγιον
639 1929 864 2012 ένωτίσασδαι,
892 1937 948 1998 καί
976 1931 1028 1998 ἵνα
1056 1934 1149 1998 πάλιν
1179 1931 1254 1997 εἴπω
1283 1935 1318 1998 τύ

53 2067 108 2142 τῆς
131 2065 268 2143 γραφῆς·
293 2057 336 2142 μή
361 2059 490 2142 γένηται
513 2059 552 2120 τὰ
576 2051 634 2142 όρη
660 2059 699 2120 τὰ
721 2056 877 2141 Γελβουὲ,
907 2057 940 2122 έν
965 2055 1010 2131 υίς
1034 2053 1093 2122 ούκ
1117 2055 1212 2144 ἐρρύη
1241 2057 1318 2142 δρό·

55 2203 107 2253 σος
123 2176 272 2266 ούράνιος
296 2179 438 2266 φλογμὸν
456 2176 691 2266 ἁμαρτημάτων
717 2178 986 2264 ἀποσβεννύοοσα,
1011 2181 1092 2267 μηδέ
1116 2177 1186 2246 κατ’
1211 2181 1319 2246 έκεῖνα

53 2305 123 2378 τούς
146 2305 370 2390 έρημσίίοντας
402 2300 445 2376 ύς
468 2305 503 2367 τύ
527 2308 624 2389 κυρίῳ
653 2301 902 2392 ἀνεπισκόπητα,
932 2301 1001 2369 ἀλλ’
1031 2303 1079 2392 εἵη
1107 2306 1259 2390 καθάπερ
1283 2307 1318 2370 τό

53 2429 128 2494 Σιύν
157 2425 244 2514 ὄρος,
270 2427 318 2516 ἐφ’
343 2425 368 2516 ᾧ
391 2430 595 2512 καταβαίνειν
621 2427 689 2516 ἔχει
712 2430 827 2515 δρόσος
849 2451 869 2516 η
898 2425 1040 2516 Ἀερμών
1068 2431 1125 2494 καί
1153 2425 1228 2515 ὅπερ
1258 2423 1318 2516 ηό-

53 2554 188 2640 δόκησεν
225 2548 242 2616 ό
271 2554 350 2626 θεὸς
379 2549 462 2638 αύτῷ
497 2563 671 2630 κατοικεῖν,
707 2549 882 2638 ἁλλόμενος
911 2550 961 2616 έπί
988 2556 1027 2617 τὰ
1061 2547 1119 2639 όρη
1154 2555 1239 2618 κατὰ
1262 2553 1317 2638 τήν

52 2681 290 2763 ηεματίίοοοαν
314 2674 356 2750 ύις
379 2678 481 2761 κριός,
511 2675 686 2761 ἁλλόμενος
714 2674 763 2740 ἐπὶ
790 2677 863 2750 τούς
892 2677 1033 2760 βουνούς.
1057 2674 1235 2741 καὶταῦτα
1259 2679 1316 2762 μέν

52 2799 155 2875 ούτιος.
183 2798 201 2865 ό
226 2799 387 2888 δηλωδεὶς
402 2803 651 2893 καθηγούμενος
670 2799 927 2888 ἁρχιμανδρίτης,
954 2802 1008 2866 σύν
1025 2799 1095 2885 δεῖμ’
1110 2801 1145 2864 δέ
1163 2799 1313 2888 εἰρήσθω,

48 2932 97 2991 καί
121 2925 334 3012 οἰκονομήσει
357 2929 412 2990 καί
434 2926 648 3012 διαπράξεται,
675 2929 935 3010 συμπραττόντων
965 2921 1049 3010 αύτῷ
1067 2929 1122 2990 καί
1145 2925 1313 3013 διαφερόν-

48 3075 100 3116 των
117 3054 178 3138 τὴν
201 3054 354 3136 μέριμναν
370 3053 426 3114 καί
449 3059 509 3115 τῶν
533 3047 673 3132 ἑκάστης
692 3047 890 3136 ἀγελαρχιῖιν,
915 3051 954 3113 τὰ
977 3050 1012 3112 δὲ
1036 3050 1134 3113 πλείω
1158 3051 1214 3112 καί
1237 3041 1313 3132 ύπέρ

50 3177 181 3262 δύναμιν
198 3185 238 3260 τη
258 3169 346 3259 ἡμῶν
366 3175 651 3258 προσαναδήσεται
669 3175 857 3260 μετριότητι.
883 3171 926 3246 ὡς
950 3170 987 3236 ἂν
1003 3169 1031 3236 δ’
1055 3171 1104 3259 εἴη
1121 3181 1184 3245 τοῖς
1208 3166 1313 3245 αὐτοῖς

51 3311 99 3364 τού
129 3295 229 3385 ὄρους
259 3305 313 3362 τού
341 3293 488 3381 Λάτρους
511 3299 771 3382 καθηγουμένοις
800 3298 842 3382 μη
870 3297 1021 3383 διάνδιχα
1045 3305 1207 3382 μεριμνᾶν,
1232 3295 1313 3381 μηδέ

50 3427 215 3510 τορβσὶίειν
235 3424 305 3505 περί
321 3419 434 3498 πολλὰ,
458 3432 511 3508 πηΙ
528 3425 583 3505 μέν
601 3419 645 3504 τη]
669 3418 913 3506 ἀρχιμανδρίτη,
937 3431 980 3506 πη
1005 3421 1039 3484 δέ
1063 3424 1315 3506 προσανέχοντες

51 3551 87 3636 τῷ
113 3551 176 3636 τὴν
205 3547 356 3633 ἐξαρχίαν
384 3550 469 3610 κατὰ
503 3549 616 3619 τόπους
639 3547 857 3631 διενεργούντι,
893 3537 1115 3630 ηύδόκησενὴ
1152 3546 1315 3629 μετριότης

49 3672 132 3760 ι’,μιῖιν
166 3675 219 3737 τόν
257 3667 350 3736 αύτύν
375 3673 560 3756 τιμιώτατον
590 3667 622 3733 έν
651 3681 803 3756 μοναχοῖς
831 3667 959 3734 Παῦλον
988 3670 1040 3732 τόν
1071 3665 1315 3751 Ἃγιοπαολίτην

50 3797 120 3863 εἶναι
153 3799 212 3860 καὶ
242 3795 376 3880 ἔξαρχον
403 3803 463 3856 τῶν
492 3791 778 3878 ἀναγεγραμμένων
806 3801 1042 3877 πατριαρχικων
1068 3786 1230 3876 ἡμετέρων
1258 3809 1316 3873 μο-

49 3933 100 3986 νῶν
130 3925 192 4018 καί
222 3915 306 4002 αύτῷ
336 3915 528 3982 ύποκεῖσδαι
556 3917 673 3990 ταύτας
697 3920 752 3980 καί
775 3919 861 3980 κατὰ
889 3925 981 3980 τούτο
1004 3915 1119 3998 δικαίῳ
1147 3921 1203 3998 τῆς
1226 3907 1314 3998 ἡμῶν

53 4049 258 4132 μετριότητος
282 4047 338 4106 καί
361 4045 466 4128 πάσης
490 4042 530 4105 δι’
563 4037 659 4104 αύτού
686 4037 871 4123 ἀπολαβεῖν,
909 4037 957 4128 ἐφ’
980 4036 1026 4110 οίς
1050 4035 1088 4101 ἂν
1110 4039 1166 4100 καί
1193 4037 1314 4099 δέοιντο

53 4172 295 4255 συγκροτήσεως
323 4169 378 4230 καί
405 4167 593 4250 συνάρσεως.
623 4163 746 4240 ἐξέσται
781 4168 882 4229 τοίνυν
910 4161 952 4248 τῷ
985 4163 1116 4245 τοιούτῳ
1145 4160 1315 4242 διενεργείν

54 4291 222 4364 ἀκωλύτως
247 4289 280 4355 ὲν
306 4293 394 4374 πάση
423 4300 461 4374 τη
485 4289 540 4352 διὰ
567 4297 622 4352 τού
651 4291 804 4373 παρόντος
832 4283 1055 4372 ύπομνημοιτος
1084 4282 1315 4367 ἀνατεθειμένη

55 4413 130 4503 αύτῷ
162 4413 284 4500 ἐνορίορ,
313 4411 416 4478 ὁπόσα
450 4411 507 4476 καὶ
536 4423 599 4484 τοῖς
633 4423 873 4497 πατριαρχικοῖς
902 4410 1049 4494 έξάρχοις
1077 4405 1197 4495 ἐφεῖται
1230 4407 1315 4469 κατὰ

55 4545 162 4615 τύπους
191 4549 309 4616 ποιεῖν,
339 4539 411 4608 τούς
439 4555 475 4616 γε
505 4535 564 4621 μην
593 4539 804 4621 πειρωμένους
832 4530 1055 4620 ἡγουμενεύειν
1081 4533 1160 4617 δίχα
1184 4539 1238 4616 τῆς
1261 4529 1315 4593 διὰ

58 4666 227 4750 σφραγῖδος
252 4661 421 4745 διδομένης
456 4667 511 4724 τού
547 4661 639 4724 θείου
662 4659 840 4744 πνεύματος
868 4659 1003 4744 χάριτος
1038 4653 1182 4744 ἀνάγκην
1208 4663 1315 4720 πᾶσαν
