3168 5274
289 251 353 316 ³³2

288 448 343 508 καί
386 440 541 528 ἀροαίμοο
585 439 712 528 ἁπόοης
758 450 814 528 γης
857 435 975 516 αὐτοῦ,
1015 442 1165 526 μετόχιον
1204 441 1239 504 τό
1280 437 1542 524 ἐπονομαζόμενον

288 576 343 632 τού
382 574 481 652 κορού
519 563 696 651 Ἱλαρίωνος
730 567 765 628 τό
800 565 1005 650 διακείμενον
1040 561 1074 628 ίν
1107 573 1146 650 τῇ
1183 565 1275 648 χύρα
1308 569 1363 626 τού
1396 559 1543 647 Ἃλμορού

288 695 369 777 μετὰ
396 699 457 758 τῶν
486 687 649 775 ἀμπιλίων
676 685 733 752 καὶ
755 689 880 754 πάντων
904 697 965 754 τῶν
988 688 1119 754 δικαίων
1153 689 1210 752 καί
1236 689 1412 774 προνομίαν
1448 681 1544 760 αύτού,

289 817 328 879 τὰ
356 814 568 898 περιελθόντα
595 822 635 898 τη
658 813 789 898 τοιαύτη
815 822 896 900 μονη
921 809 954 888 ἐξ
976 809 1155 898 ἀγορασίαις
1183 809 1324 898 ἀμπέλια
1348 807 1380 874 ἐν
1404 811 1446 893 τῳ
1470 813 1545 892 τόπῳ

288 945 344 1004 τού
367 907 531 1022 Μορὶβορι,
556 937 596 1000 τὰ
620 932 682 1000 ἀπὸ
705 937 915 1022 προτενέξεύς
938 956 1027 1004 τινων
1051 936 1265 1023 φιλοχρίοτων
1289 932 1410 1018 ἀνδρῶν
1432 933 1543 1018 περιελ-

288 1063 391 1126 θόντα
418 1071 457 1146 τῇ
481 1060 611 1145 τοιαύτη
637 1069 719 1145 μονῇ
743 1056 884 1145 ἀμπέλια
908 1057 942 1126 ἂν
965 1059 1007 1144 τῷ
1034 1059 1167 1144 τοιούτῳ
1195 1062 1279 1142 τόπῳ
1308 1065 1362 1122 τοῦ
1385 1055 1545 1141 Ἃλμορού,

288 1187 325 1250 τό
350 1182 383 1249 ίν
406 1180 530 1270 τῳόριι
553 1191 609 1269 τῆς
625 1181 773 1266 Ζαηορᾶς
796 1179 940 1267 αἰγρίδιον
964 1182 1240 1280 τῆςιΚορακαλῆς
1263 1184 1428 1268 μετὰτῶν
1452 1179 1545 1245 ἒκεῑαε

288 1309 566 1395 προσκαθημένων
595 1310 651 1372 καί
678 1310 802 1372 πάντων
830 1316 891 1372 των
918 1307 1050 1372 δικαίων
1078 1301 1186 1384 αύτού,
1216 1309 1365 1394 μετόχιον
1394 1307 1430 1370 τό
1453 1303 1545 1370 ἐπιλε-

292 1435 427 1520 γόμενον
443 1431 498 1517 την
518 1428 706 1508 Ῥοίαοοααν,
727 1432 805 1517 πρός
820 1432 943 1504 τούτοις
959 1435 1016 1496 καί
1031 1431 1088 1518 την
1105 1428 1208 1496 ὲκιῖπε
1232 1428 1443 1516 ἀπτρριμύνην
1459 1429 1547 1514 μονὴν

292 1563 348 1622 τού
375 1557 478 1642 τιμίοο
504 1553 703 1641 Προδρόμοο.
739 1557 779 1620 τὰ
806 1563 939 1622 τοιαῦτα
966 1557 1081 1633 πάντα,
1115 1551 1196 1640 ἅπερ
1221 1553 1363 1620 ἔκπαλαι
1384 1557 1442 1620 καί
1463 1557 1547 1638 μίχρι

290 1687 350 1768 τῆς
370 1681 510 1766 τήμερον
534 1675 716 1765 τύρίτκεται
737 1675 758 1766 ἡ
781 1681 912 1768 τοιαύτη
936 1680 1016 1766 μόνη
1040 1683 1199 1766 νεμομένη
1221 1701 1256 1744 τε
1280 1682 1337 1743 καί
1359 1682 1545 1764 κατίχοοοα,

290 1807 417 1890 κατίχη
441 1805 498 1867 καί
520 1805 656 1889 νίμηται
679 1811 780 1868 ταῦτα
801 1826 822 1891 η
850 1805 981 1891 τοιαύτη
1006 1804 1086 1892 μονη
1110 1801 1168 1868 καί
1190 1801 1235 1878 τίς
1258 1806 1294 1870 τό
1318 1800 1390 1890 δίης
1418 1803 1545 1888 ἀναφαι-

160 1985 173 2016 ,
290 1931 397 2015 ρίτως,
415 1923 677 2004 αἰνατοοποίοτως,
695 1925 916 2014 ἀνενοχλητως
932 1949 965 1992 τι
980 1931 1037 1992 καί
1060 1925 1269 2002 οἰδιααείατως
1292 1929 1378 1992 κατὰ
1393 1927 1449 2012 την
1470 1929 1546 2009 περί-

290 2053 385 2140 ληψιν
419 2061 480 2115 τῶν
509 2053 689 2134 προσόντων
725 2045 806 2137 αὐτῇ
835 2048 886 2116 ίπί
913 2052 1036 2125 τούτοις
1070 2052 1294 2137 δικαιωμάτων
1323 2053 1379 2114 καί
1415 2046 1547 2132 ἀνώτερα

290 2179 399 2262 παίαης
421 2178 478 2239 καὶ
499 2177 650 2248 παντοίας
673 2173 878 2263 δημοτιακης
898 2172 1047 2262 ἐπηρείας
1066 2178 1123 2240 καί
1146 2177 1359 2262 οοίητηοεως,
1383 2171 1458 2239 ἄνευ
1480 2175 1546 2258 μόν-

292 2319 342 2364 τοι
361 2318 398 2378 ηε
422 2307 482 2364 τῶν
505 2298 562 2362 δύο
585 2297 779 2386 κεφαλαίων,
803 2303 860 2384 τῆς
882 2321 917 2364 τε
938 2303 1186 2385 καατροκτιαίας
1207 2301 1263 2364 καί
1285 2295 1548 2384 κατεργοκτιαίας·

293 2431 393 2488 ταῦτα
422 2425 483 2508 γὰρ
510 2418 554 2496 ύς
576 2421 754 2508 κοινωφελῆ
783 2425 840 2486 καί
862 2424 949 2508 παρὰ
971 2431 1031 2488 τῶν
1059 2425 1207 2488 τοιούτων
1230 2430 1286 2510 της
1309 2431 1410 2509 μονῆς
1432 2422 1548 2508 κτημά-

292 2564 354 2612 των
377 2543 664 2633 ἀπαιτηδηοονται.
688 2556 728 2634 τῇ
753 2545 910 2634 ίμφανιίορ
931 2550 1033 2612 τοίνυν
1062 2554 1116 2612 τού
1138 2549 1296 2632 παρόντος
1319 2545 1546 2634 χροσοβούλλοι

293 2671 392 2751 λόγον
425 2679 482 2757 τῆς
508 2668 674 2754 βασιλείας
701 2689 762 2756 μου
795 2670 930 2744 καύίίιι
963 2671 1003 2738 τὰ
1037 2678 1169 2736 τοιαῦτα
1195 2672 1345 2758 κτήματα
1374 2666 1395 2758 ἡ
1427 2669 1546 2752 τοιαύτη

294 2794 375 2882 μόνη
402 2797 459 2859 καί
482 2791 531 2876 Ιτίς
554 2795 589 2858 τό
613 2791 685 2880 ίξης
709 2791 920 2882 ἀναφαίρετα,
949 2792 1193 2872 όιναπόαπαοτα,
1223 2791 1438 2881 ἀνενόχλητα,
1462 2791 1546 2858 ἆδωί·

293 2939 404 2985 οιιοτα
418 2920 475 2984 καί
499 2915 722 3004 ἀνεπηρίαατα
737 2921 835 3003 χωρίς
854 2926 915 2983 τῶν
931 2917 1170 3007 διαληφθέντων
1194 2919 1251 2984 δύο
1274 2919 1457 3007 κεφαλαίων
1471 2918 1547 2981 καό-

279 3027 337 3116 ιός
364 3042 505 3108 ἔκπαλαι
531 3045 587 3106 καί
620 3045 714 3128 μίχρι
741 3049 797 3128 τῆς
825 3043 964 3128 σήμερον
993 3038 1173 3126 εὑρίσκεται
1200 3051 1300 3108 ταύτα
1333 3045 1489 3129 νεμομένη
1520 3061 1547 3103 τε

293 3163 351 3231 καὶ
372 3169 559 3252 κατίχοοαα
573 3167 664 3251 μετὰ
692 3173 752 3230 τῶν
775 3165 909 3231 δικαίων
933 3161 1044 3232 αύτιύν.
1074 3164 1125 3232 ὀπί
1147 3168 1247 3253 τούτῳ
1270 3169 1332 3252 γὰρ
1356 3165 1495 3246 ὲγτηόνει
1515 3173 1546 3248 τη

292 3290 515 3377 διαληφδιίαη
540 3288 701 3376 οιβαομίῳ
723 3299 942 3376 πατριαρχικη
966 3283 1073 3376 μονη,Ι
1086 3301 1126 3377 τη
1149 3289 1386 3377 ίπικικλημίνη
1410 3298 1465 3376 της
1486 3285 1548 3353 δία·

292 3416 486 3498 κρινιτίατητ
508 3413 564 3476 καί
587 3409 634 3478 ἐπ’
660 3408 791 3498 όνόματι
815 3415 975 3499 τιμωμίνη
999 3421 1056 3500 τῆς
1077 3409 1252 3500 ύπεριίγνοο
1275 3435 1337 3500 μοο
1356 3417 1546 3498 δεομὴταροι

293 3543 350 3622 τῆς
365 3533 487 3612 Ὀξείας
510 3531 724 3622 Ἐπιακόψτως
746 3533 804 3602 καὶ
818 3539 888 3622 περί
902 3539 937 3602 τό
961 3533 1035 3622 ὄρος
1058 3545 1113 3602 τού
1129 3535 1273 3624 Δρόγηοο
1297 3539 1491 3623 διακειμὲνη,
1514 3545 1544 3618 τῇ

294 3659 464 3740 γανικόότν
497 3659 694 3748 διαφιρούαη
728 3659 775 3744 τῳ
801 3658 908 3746 οἰκείῳ
943 3671 982 3748 τῇ
1011 3663 1159 3748 βασιλείῳ
1193 3682 1254 3748 μοα
1284 3661 1443 3750 Κομνηνῳ
1473 3657 1547 3744 κορῳ

293 3781 446 3867 Νικολάῳ
469 3781 513 3869 τῳ
533 3779 732 3870 Μαλιααηνῳ
752 3786 810 3849 καί
832 3779 849 3848 δ
872 3786 979 3872 παρεόν
1003 3785 1242 3872 χροαόβοολλος
1266 3786 1361 3866 λόγος
1385 3795 1441 3874 της
1464 3785 1546 3869 βααι-

294 3908 384 3981 λείας
411 3927 488 3994 μοο,
517 3903 693 3980 ἀπολούιίς
714 3909 834 3974 κατὰ
858 3917 975 3996 μῆνα
999 3912 1137 3994 μοίῑον
1160 3917 1238 3997 της
1265 3918 1340 3976 νύν
1370 3907 1545 3994 τραχού-

295 4051 377 4116 οης
420 4029 864 4118 πεντεκαιδεκάτης
901 4029 982 4100 ὶνδ.
1021 4041 1099 4097 τού
1137 4031 1478 4120 ἓξαχιλιοατού
1517 4027 1546 4092 ό-

293 4163 648 4220 πτακοοιοοτού
677 4151 1180 4242 όγδοηκαττούίτοας,
1204 4152 1548 4246 λνῳλκαίιύὴμίττ-

295 4297 348 4364 ρον
371 4274 501 4361 ιύαεβλς
522 4280 579 4342 καί
600 4278 843 4365 διοτρόβλητον
867 4273 1093 4366 ύπεαημηνατο
1115 4282 1246 4365 κράτος.

381 4443 438 4502 Ed.
454 4441 591 4517 Maffet'ue
606 4444 647 4498 ad
661 4443 761 4500 ααίαεπι
778 4443 892 4502 Πασίαν.
911 4443 992 4503 maol.
1009 4446 1044 4502 de
1059 4443 1176 4506 Gratia.
1194 4443 1309 4510 Ρωείπί.
1328 4447 1422 4506 θαίαί.
1438 4465 1466 4519 ρ.
1482 4439 1544 4500 325.

295 4565 466 4632 Ζααλααίαε,
484 4565 542 4622 Iun
554 4585 822 4639 ρπαιαα-αοαιααιιπι
837 4566 900 4627 III.
917 4565 988 4628 595.
