3140 5284
307 287 369 351 190

302 501 373 558 των,
399 487 455 542 τοῦ
480 501 513 542 τε
537 477 720 564 Φαγομύδη
743 487 843 564 κυροῦ
859 477 1113 560 Κωνυταντίνυυ,
1138 485 1194 542 τοῦ
1217 477 1487 564 καστρυφύλακος
1508 497 1561 540 κο·

303 611 360 688 ρυῦ
376 602 611 690 χΘτορυλοίκτυυ
634 611 690 668 τοῦ
705 601 925 690 Βραχιονίτυυ,
950 607 1006 668 τοῦ
1029 609 1128 690 κυρυῦ
1150 601 1312 669 Ἰυαακίου
1335 609 1390 668 τοῦ
1412 599 1561 686 Λεβούνη,

304 738 364 791 των
388 728 561 810 βασιλικῶν
586 727 798 812 βεστιαριτῦν,
823 735 878 792 τοῦ
902 727 1034 794 Καπνοῦ
1057 733 1157 814 κυρυῦ
1181 725 1339 804 Ἀλεξίου,
1363 733 1418 790 τοῦ
1442 725 1561 792 Καδια-

303 857 357 914 νοῦ
386 859 484 936 κοροῦ
512 849 660 942 Νικήτα,
691 857 746 915 τοῦ
776 847 976 939 αὐταδίλρου
1005 845 1117 929 αὐτοῦ,
1150 859 1250 936 κυροῦ
1276 845 1425 936 Μιχαὴλ,
1455 847 1502 914 ὅτι
1527 853 1561 913 τὰ

303 977 455 1062 χωροίρια
468 981 534 1038 τοῦ
557 971 763 1060 Δημυσιάτυυ
785 981 942 1060 ποταμοῦ,
968 971 1060 1038 ἅτινα
1080 975 1326 1060 κατεκράτησαν
1349 969 1367 1037 6
1389 977 1561 1060 μακαρίτης

306 1099 539 1184 μητροπολίτης
563 1096 720 1184 Σμύρνης,
756 1095 773 1162 6
809 1096 981 1184 Παρῦὲνης
1003 1105 1095 1184 κῦρος
1121 1097 1368 1172 Κωνσταντῖνος,
1404 1097 1459 1182 τήν
1493 1094 1561 1183 ὅλην

303 1243 366 1306 μου
395 1222 510 1307 μερίδα
546 1220 579 1296 ἐξ
607 1219 774 1306 ἀκεραίου,
809 1221 897 1309 καλῇ
924 1233 963 1308 τη
992 1225 1096 1286 πίστει
1123 1225 1180 1286 καί
1207 1223 1307 1307 χωρίς
1334 1239 1418 1294 τινος
1450 1219 1561 1306 βίαςή

303 1344 490 1417 ὑποθέσεως
516 1344 717 1432 οἱασδήτινος
740 1347 899 1430 διίπρασα
914 1347 994 1430 πρύς
1016 1347 1071 1411 τδν
1095 1343 1310 1432 ἀποιχόμενον
1333 1343 1457 1409 ίκείνον
1478 1354 1561 1428 κύριν

307 1467 476 1534 Βασίλειον
497 1471 551 1533 τὸν
570 1467 741 1554 Βλατερδν,
766 1471 823 1533 καί
846 1471 881 1534 τύ
897 1471 1073 1556 κρατήρων
1098 1469 1257 1557 ἔγγραφον
1280 1471 1315 1534 τύ
1340 1471 1474 1548 γεγονὸς
1495 1461 1561 1551 παρ’

303 1589 381 1678 ἐμοῦ
404 1613 437 1656 τε
461 1596 518 1656 καί
540 1601 597 1657 τοῦ
622 1596 738 1679 μίρσυς
761 1611 822 1678 μου
845 1595 923 1677 πρύς
947 1595 1000 1656 τόν
1023 1557 1246 1681 διαληφθέντδι
1265 1591 1430 1678 Ηλαττρόν
1451 1590 1561 1656 ἐκεῖνον

303 1725 394 1801 κῦριν
417 1715 598 1794 Βασίλειον,
622 1725 786 1803 προτροπή
814 1713 956 1804 ἡμετίρη
980 1717 1101 1804 γραφὲν
1122 1719 1212 1802 παρὰ
1233 1723 1289 1781 τοῦ
1311 1719 1561 1802 χρηματίσαντος

305 1838 483 1926 ἀρχιερέως
510 1837 719 1926 Σωσάνδρων,
751 1845 849 1926 κυρυῦ
876 1839 1116 1906 Κωνσταντίνου
1142 1845 1199 1906 τοῦ
1225 1837 1366 1919 Ξανδυῦ,
1391 1844 1448 1904 καί
1474 1843 1511 1904 τὰ
1532 1839 1561 1902 ἐν

304 1961 389 2049 αύτῷ
412 1944 594 2050 δηλούμενα
618 1963 719 2029 εἴκοσι
737 2013 744 2029 .
762 2013 796 2029 ..
824 1971 896 2029 σῶα
917 1967 974 2030 καί
998 1961 1149 2050 ἀνελλιπῆ
1174 1963 1292 2048 ἔλαβον
1315 1962 1378 2030 ᾰτύ
1402 1969 1457 2029 τοῦ
1480 1963 1559 2030 Βλα·

303 2097 393 2173 τεροῦ
410 2092 466 2151 καί
489 2096 544 2150 τοῦ
569 2091 685 2174 μίμους
702 2085 825 2152 ἐκείνου
842 2092 898 2153 καί
922 2086 965 2160 ύς
980 2077 1141 2174 αὖθ’ίντης
1164 2091 1221 2153 καί
1235 2087 1440 2174 κληρονόμος
1454 2089 1508 2152 καί
1523 2087 1561 2172 μή

304 2211 390 2298 ἔχειν
423 2209 582 2298 οίιρδήτινι
608 2213 767 2297 προσώπῳ
796 2209 971 2290 ἀναγκαῖον
998 2211 1044 2284 είς
1070 2215 1110 2276 τά
1137 2219 1269 2276 τοιαῦτα
1295 2214 1460 2300 χωράμια,
1489 2207 1561 2274 σύτο

302 2337 460 2421 διίπρασα
483 2344 592 2401 ταῦτα.
616 2333 673 2400 καί
697 2333 844 2423 ἠθέλησε
862 2338 920 2401 καί
944 2335 991 2400 ἔτι
1014 2333 1031 2402 6
1052 2338 1198 2423 γαμβρὸς
1221 2345 1277 2401 τοῦ
1291 2335 1459 2422 Βλατερού
1483 2335 1561 2400 ἐκεί·

301 2479 365 2540 νου,
395 2457 412 2525 6
440 2456 706 2546 Ῥαβῦυκανάκης
733 2465 824 2545 κῦρις
851 2457 1011 2547 Ἰωάννης,
1034 2463 1092 2525 καί
1120 2459 1167 2525 ὅτι
1201 2457 1285 2546 δήλη
1313 2463 1467 2540 γενίυῦαι
1495 2453 1561 2542 παρ’

299 2580 389 2670 ήμῦν
416 2579 436 2670 ή
465 2591 526 2647 τύν
554 2587 728 2670 χωραρίων
754 2580 927 2669 ὁμολογία,
958 2583 997 2671 ήν
1019 2586 1076 2650 καί
1098 2585 1237 2671 ποιήσας
1259 2585 1413 2669 καθαρὰν
1438 2579 1561 2647 ἐνύπιυν

298 2713 353 2772 τοῦ
376 2709 457 2772 θεοῦ
481 2705 669 2774 ἐπιδέδωκα.
694 2709 774 2792 πρὸς
796 2705 846 2772 ἐπὶ
870 2709 993 2781 τούτοις
1013 2704 1171 2794 δμολογῦ,
1197 2704 1245 2772 ὅτι
1267 2710 1324 2772 καί
1347 2705 1377 2772 σί
1400 2705 1557 2793 ίεάδελροί

299 2851 360 2916 μου
384 2829 413 2896 σί
427 2829 694 2916 Γουναρύπσυλοι,
718 2827 887 2916 δΜιχαήλ
909 2835 966 2895 καί
990 2827 1007 2895 6
1030 2829 1186 2918 Ἰωάννης,
1206 2828 1326 2918 ήκουον
1350 2831 1389 2896 ἐκ
1413 2841 1469 2896 τοῦ
1492 2833 1558 2894 στύ-

299 2963 399 3040 ματυς
427 2952 532 3020 αύτῦν
558 2957 640 3041 μετὰ
667 2957 704 3020 τῦ
728 2955 905 3039 διαπερᾶσαι
932 2951 989 3041 ἐμὲ
1013 2957 1053 3019 τὰ
1076 2963 1209 3020 τοιαῦτα
1232 2955 1385 3043 χωράρια
1413 2959 1490 3041 πρύς
1511 2955 1558 3018 τῦν

299 3077 471 3162 Βλατερύν,
501 3075 549 3142 ὅτι
582 3076 646 3166 ἤδη
674 3081 731 3142 καί
765 3075 856 3166 ήμείς
892 3079 1051 3165 μίλλομιν
1084 3079 1263 3165 διαπράσαι
1297 3087 1397 3146 ταῦτα
1425 3079 1502 3165 πρύς
1525 3079 1556 3140 τύ

298 3210 440 3266 τοιοῦτον
455 3204 632 3286 πρόσωπον,
657 3205 714 3266 καί
738 3200 782 3275 εἰς
806 3201 944 3290 δήλωσιν
960 3209 1017 3289 τής
1039 3205 1189 3290 τοιαύτης
1204 3200 1382 3290 ὁμολογίας
1403 3205 1459 3290 τήν
1480 3223 1554 3284 παρ-

299 3333 397 3390 οῦσαν
441 3329 616 3410 μαρτυρίαν
656 3322 848 3411 ὲειθίμεδα.
890 3327 1000 3412 μηνί
1036 3323 1281 3413 αδγούστιρ
1312 3325 1393 3396 ίνδ.
1430 3325 1453 3391 ε’
1486 3331 1553 3389 τοῦ

307 3452 358 3534 ςψ
374 3446 402 3533 μ’
426 3447 560 3521 ἔτους
583 3446 713 3513 δνύπιον
737 3458 796 3513 τῶν
821 3445 1064 3536 ύπογραήύντων
1089 3451 1254 3536 μαρτύρων
1278 3454 1308 3532 †.

386 3605 464 3686 †‘0
488 3611 634 3692 μίγας
658 3605 1017 3694 οίκυνύμοςτης
1041 3603 1309 3696 ἁγιωτάτης
1334 3609 1551 3696 μητροπό-

297 3731 410 3804 λεως
439 3729 662 3817 Σμύρνης,
690 3727 815 3796 Δίων
843 3728 860 3795 6
888 3729 1089 3817 Ἀργρύς,
1115 3730 1552 3820 παρτλνίπίτήπαρ-

296 3855 409 3942 ούοη
444 3851 679 3940 ὁμολογία
707 3865 951 3940 μαρτυρῶν
979 3849 1226 3943 ὑπέγραψα
1252 3859 1282 3940 †.
1309 3853 1552 3926 Etendomsor-

298 3977 396 4044 mula:
421 3975 438 4042 6
468 3975 592 4063 ἱερεύς,
608 3979 740 4066 νυμικύς
769 3982 826 4044 καί
855 3982 1121 4066 πρωτυνοτοίρωτ,
1145 3979 1309 4067 Θτύδωρυς
1335 3977 1353 4046 6
1384 3980 1554 4067 Ἀστραγα-

298 4102 392 4178 λῖνος,
418 4097 435 4164 6
452 4097 554 4186 ἱερεύς
577 4103 633 4164 καί
653 4101 807 4186 κληρικὸς
823 4097 914 4168 Λέων
931 4099 948 4168 6
968 4101 1172 4189 Σκυρτζίδης,
1196 4100 1214 4169 6
1234 4105 1373 4194 γραφεύς
1389 4115 1445 4174 τοῦ
1467 4101 1553 4192 ὅρους

299 4228 445 4298 ταπεινὸς
479 4225 628 4297 διάκονος
657 4221 673 4290 6
701 4221 925 4312 Καλυσινηρύς
951 4224 1097 4314 Νικήτας
1126 4223 1143 4291 6
1171 4231 1227 4291 καί
1255 4232 1483 4318 σηρειούμενος
1508 4195 1559 4290 δι-γ

295 4351 378 4433 καίῳ
407 4357 462 4412 τού
490 4353 733 4428 παναγιωτυίτοο
762 4341 919 4413 αύδέντου
946 4353 1002 4414 καί
1030 4349 1184 4415 δεσπότου
1209 4374 1283 4437 μου,
1323 4363 1379 4420 τοῦ
1406 4373 1549 4434 πανυπερ·

296 4475 387 4556 τίμου
416 4467 669 4557 ἆρχιεπισκὸπου
698 4471 857 4560 Σμύρνης,
886 4481 983 4559 κυροῦ
1007 4471 1167 4558 Γεωργίου
1191 4496 1221 4540 κ.
1246 4500 1272 4540 τ.
1298 4473 1323 4542 6.
