3190 5284
1313 304 1354 367 85

50 481 137 570 ἡμᾶς
179 485 375 576 ἐκκλησία,
413 491 605 558 ἀποδίδωσιν
635 493 667 559 έν
695 505 734 582 τη
762 495 910 579 Μανταίορ
939 501 1101 584 χωράφιον
1131 493 1206 560 ὡσεὶ
1235 497 1352 582 μυδίων

52 621 145 693 τριῶν
188 613 339 700 πλησίον
377 625 433 702 της
461 621 760 706 καταφυτευθείσης
795 619 867 704 παρ’
905 623 1001 684 αὐτοῦ
1035 625 1164 705 φυτείας
1201 617 1263 684 ἀπὸ
1298 621 1352 702 βο-

51 739 137 818 ρείυο
166 739 317 822 μέρους,
345 738 363 802 δ
387 741 427 826 δὴ
453 745 614 828 χωράφιον
643 746 698 806 καί
723 742 768 816 είς
793 741 964 828 ἀμπελῶνα
993 744 1237 832 καταφυτεόοων
1262 743 1353 807 ἔσται

50 855 65 921 ὁ
93 867 261 933 τοιοῦτος
294 865 353 926 καί
382 864 439 949 την
467 861 499 938 ἐξ
523 861 619 929 αὐτοῦ
643 877 748 930 πᾶσαν
779 865 902 930 εἴσοδον
927 863 971 939 ὡς
994 867 1151 952 δεσπότης
1175 863 1355 950 ἀπυκαρπί-

52 987 155 1060 ζεται,
195 981 288 1071 ὅπερ
317 991 376 1050 καί
405 983 528 1074 όφείλει
556 994 707 1075 κατέχειν
734 993 790 1052 καί
824 993 981 1075 νέμεσθαι
1009 993 1088 1074 μετὰ
1116 999 1176 1053 τῶν
1200 987 1272 1052 υίῶν
1296 993 1353 1053 καί

52 1109 288 1195 κληρονόμων
314 1105 415 1174 αὐτοῦ
440 1110 484 1184 εὶς
508 1111 720 1200 ἀναφαίρετον
741 1113 929 1178 δεσποτείαν
953 1117 1008 1178 καί
1032 1117 1214 1199 κυριότητα,
1239 1115 1293 1177 διὰ
1317 1116 1352 1178 τό

50 1231 128 1296 εἶναι
156 1229 274 1296 αὐτόν
302 1233 436 1320 διηνεκῆ
460 1235 631 1322 δουλευτήν
654 1247 710 1322 της
733 1231 812 1301 καθ’
837 1231 924 1322 ἡμᾶς
948 1233 1125 1322 ἐκκλησίας
1141 1241 1197 1300 καί
1220 1238 1350 1324 φύλακα

49 1363 106 1417 τῶν
136 1353 291 1420 ἄνωθεν
319 1357 531 1443 δηλωθέντων
567 1357 842 1444 ἑκκληοιαστικῶν
875 1363 1066 1444 πραγμάτων
1102 1363 1157 1422 καί
1192 1363 1349 1446 συστάτην

1 1481 2 1534 3
49 1482 102 1542 καί
131 1475 347 1566 ὁλοσχερῶς
374 1476 451 1566 όπέρ
479 1483 595 1546 τούτων
624 1483 816 1568 πονούμενον
844 1487 900 1546 καί
928 1453 1149 1570 φροντίζοντα,
1184 1479 1262 1547 ὅθεν
1293 1486 1351 1548 καί

1 1621 2 1700 3
50 1598 109 1688 οόχ
131 1601 213 1679 ἕξει
243 1601 300 1669 ἀπ’
325 1605 437 1677 ἀδείας
459 1627 506 1676 τις
529 1603 569 1668 δι’
593 1602 695 1690 ὄχλου
717 1615 849 1692 ποιησαι
873 1604 968 1670 αὐτόν
992 1603 1012 1692 ἢ
1035 1607 1271 1692 παρεμποδίσαι
1294 1606 1351 1671 καί
1376 1635 1378 1640 ·

49 1729 270 1810 θορυβῶσαι,
311 1725 354 1800 ίυς
390 1727 553 1794 ἀποδοθὲν
588 1724 727 1808 εὐλόγως
749 1733 826 1815 πρός
861 1739 971 1793 τοῦτον
1007 1728 1095 1804 αὐτὸ,
1126 1727 1209 1793 ἀλλά
1237 1733 1293 1793 καί
1319 1729 1350 1794 οί

50 1851 122 1934 μεθ’
158 1849 267 1939 ἡμᾶς
300 1849 473 1930 ἁγιώτατοι
505 1849 664 1938 ἀρχιερεῖς
696 1851 727 1918 οἱ
762 1855 814 1916 τόν
838 1855 927 1918 θεῖον
955 1855 1072 1938 θρόνον
1099 1863 1209 1917 τοῦτον
1242 1852 1347 1917 εἰσδε-

1 1989 2 2070 3
49 1979 183 2058 ξίμενοι
231 1977 296 2062 τὴν
335 1983 497 2061 παροῦσαν
538 1976 723 2062 σιγιλλιῶόη
763 1977 885 2063 γραφην
924 1984 979 2061 της
1016 1972 1105 2062 ἡμῶν
1145 1977 1347 2062 μετριότητος

49 2097 205 2184 ιάρόντες
258 2096 465 2184 ἀκράδαντον
507 2103 562 2163 καί
606 2097 876 2186 ἀπαράθραυστυν
917 2101 1179 2184 διατηρείτωοαν,
1222 2095 1265 2171 ὣς
1307 2096 1346 2164 ἀν

1 2231 2 2238 ’
48 2228 100 2288 καί
138 2228 187 2288 τὰ
217 2219 301 2308 παρ’,
330 2223 459 2286 ἐκείνων
487 2223 522 2286 τό
558 2227 738 2308 στερέμνιον
765 2233 910 2286 κτῶνται.
940 2221 1062 2311 ὀφείλει
1089 2223 1126 2286 δέ
1155 2219 1172 2287 ό
1201 2231 1344 2298 τοιοῦτος

1 2359 2 2430 3
49 2347 217 2412 ἐπιτελεῖν
248 2357 294 2432 τῇ
329 2343 409 2410 καθ’
436 2342 525 2433 ημᾶς
550 2343 712 2432 ἁγιωτάτῃ
749 2347 940 2432 μητροπόλει
968 2343 1045 2432 ὑπὲρ
1073 2347 1185 2410 τουτου
1210 2344 1344 2433 ἐτησίοις

49 2471 297 2558 ἀνεπαυξητως
331 2473 389 2557 καί
421 2467 664 2555 ἀντγκρατήτως
691 2464 867 2554 όπερπόρυυ
897 2473 1057 2554 τέταρτον.
1089 2468 1140 2534 ίπί
1164 2467 1344 2555 τούτῳκαὶ

51 2598 82 2659 τό
104 2597 224 2680 παρόν
253 2593 459 2672 σιγιλλιῶδες
479 2595 612 2678 γράμμα
633 2595 863 2678 πεποιήκαμεν,
893 2589 970 2676 ὅπερ
993 2597 1050 2658 καί
1074 2591 1280 2678 ἐπεδώκαμεν
1304 2593 1347 2680 τῷ

1 2775 2 2780 ,
50 2720 286 2806 διαληφθέντι
322 2713 456 2802 μοναχῷ
489 2713 532 2802 τῷ
564 2713 750 2800 Καλλινίκιρ
784 2711 824 2778 δι’
860 2714 982 2780 οἰκείαν
1021 2713 1199 2804 ἀσφάλειαν
1237 2721 1344 2803 μηνί

48 2842 224 2927 ίουνίιρ
255 2839 344 2906 iva.
374 2840 401 2922 β’
431 2843 460 2920 †.

136 2983 231 3066 :3³0
264 2980 582 3067 Σμύρνηςκαί
610 2975 866 3067 ἀπέρτιμυς
898 2978 1112 3069 Ἰωάννης
1139 2985 1168 3062 †·

308 3243 417 3311 XXXI.
433 3244 510 3311 Sine
525 3265 617 3324 anno,
636 3265 742 3311 menso
756 3245 938 3332 septembri,
954 3244 1019 3310 ind.
1041 3243 1106 3310 XII.
1122 3241 1124 3252 ’

54 3397 187 3454 Imm
212 3393 421 3455 θοετοκνοιτιε.
445 3393 607 3448 ίοόοίοιάατ
627 3395 761 3464 catepani
780 3393 931 3466 Smyrnae,
951 3395 1159 3466 ροεεεειίοοιοι
1184 3395 1340 3466 quamdam

361 3519 528 3572 κνυκοείιτίτ·
543 3535 563 3571 a
578 3517 708 3587 υεαείραίτ·
722 3518 872 3572 immunem
887 3536 945 3573 εεεε
960 3519 1044 3576 iubet.

140 3677 164 3753 †
208 3668 272 3736 Τό
313 3665 766 3733 ἀπυκοταστατικόν
810 3671 1000 3755 γράμμα
1042 3677 1119 3733 τοῦ
1162 3667 1339 3734 Κωστο-

55 3787 1339 3881 μοίρουχάριντυῠόπυστατικοῦτοῦΚακαβᾶ,ὅπως
1403 3801 1410 3820 ·

1 3905 2 3998 J
54 3920 273 4005 διαμένῃ
301 3912 724 3986 ἀτέλεστονιίςτό
754 3911 915 4000 έεηςγ.

1 4003 2 4070 ἀ
144 4083 168 4158 †
197 4073 356 4161 Ἔφθασε
393 4075 448 4158 μέν
476 4069 497 4160 ἡ
531 4073 681 4158 βασιλικὴ
718 4073 797 4158 μονή
833 4081 888 4158 της
923 4070 1094 4158 ὑπεραγίας
1118 4075 1288 4141 θεοτόκυυ,
1317 4067 1336 4157 ἡ

59 4201 333 4286 ἐπονομαζομένη
355 4206 415 4260 τῶν
438 4193 583 4281 Λέμβων,
613 4193 700 4282 ἔχειν
724 4201 780 4260 καί
808 4199 966 4281 νέμεσθαι
990 4191 1198 4260 όπυστατικόν
1223 4219 1250 4258 τι
1275 4193 1336 4260 ἀπό

60 4335 114 4388 τοῦ
136 4324 292 4406 Κακαβά
317 4317 350 4394 ἐξ
375 4315 561 4404 ἀγορασίας,
586 4313 661 4404 ὑπὲρ
686 4313 721 4382 οό
747 4317 845 4405 ἐτέθη
869 4331 908 4405 ιη
932 4321 1061 4405 τοιαύτη
1084 4329 1164 4404 μονῇ
1180 4321 1267 4404 παρὰ
1283 4325 1338 4382 τοῦ

59 4449 286 4534 περιποθήτου
310 4442 413 4520 θείου,
437 4450 492 4506 τοῦ
515 4449 668 4527 κραταιοῦ
697 4446 752 4506 καί
782 4437 874 4520 ἁγίου
900 4437 989 4528 ἡμῶν
1018 4437 1175 4506 αόθέντου
1198 4445 1254 4505 καί
1279 4441 1339 4525 βα-

63 4575 187 4652 σιλέως,
212 4577 314 4654 κυροῡ
329 4565 477 4633 Ἰωάννου
497 4573 552 4629 τοῦ
575 4560 742 4646 Ἀγγέλου,
762 4563 917 4629 ἐπιτέλειά
941 4587 996 4644 τις,
1020 4564 1058 4651 ἣν
1081 4569 1137 4629 καί
1153 4561 1189 4629 οὐ
1214 4565 1336 4629 δέδυκε

1 4723 2 4778 3
64 4695 155 4782 μέχρι
185 4705 241 4760 τοῦ
272 4701 328 4757 νῦν
357 4687 377 4776 ἡ
407 4686 485 4774 αὔτη
515 4689 607 4775 μονη
622 4689 676 4752 διὰ
704 4690 739 4752 τό
775 4689 910 4774 τεθηναι
938 4691 1052 4774 ταύτην
1082 4686 1161 4776 αὐτῇ
1191 4685 1335 4764 ἀνεξετά-
