3140 5306
1233 278 1296 344 271

51 485 143 552 μιτρον
165 467 222 554 τήν
245 464 419 555 γτνομόνην
442 477 482 555 τῇ
507 479 588 556 μονή
612 466 732 556 όρισμιρ
754 477 810 535 τοῦ
838 470 1041 557 δηλοόίντσς
1065 467 1211 556 ἀοιδίμου
1236 474 1296 556 βα·

51 592 151 667 οιλίιις,
174 597 273 677 κοροό
296 589 442 657 ’ίαάννοο
464 599 520 658 τοό
536 589 655 674 Δοόκα,
679 595 766 680 παρὰ
788 603 843 658 τοῦ
860 593 1141 680 στρατοπιδάρχοσ
1162 591 1295 678 ἐκείνου,

50 723 127 799 ιοροῡ
151 711 289 802 Μιχαὴλ
315 723 371 780 τοό
399 714 518 795 Φοκα,
547 711 595 805 ἐφ’
626 715 847 804 ήπτριμίτριρ
869 726 930 782 τῶν
961 716 1133 784 Παλατίον
1156 719 1297 806 διαλαμ-

50 843 178 924 βάνονται
210 842 269 904 καί
295 847 397 906 ταῦτα
423 841 464 905 τά
491 843 599 918 τόπια,
629 839 674 915 τίς
702 837 784 927 ἅπτρ
811 843 869 906 καί
895 837 1079 926 ιόρίσκοοσι
1106 839 1137 908 οἱ
1159 845 1298 929 μοναχοί

50 962 170 1030 ίτίόισιν
191 967 253 1030 καί
274 964 548 1032 καταδοναστιίαν
570 967 658 1050 παρὰ
681 971 735 1030 τοο
759 964 963 1051 δηλοόίντος
985 963 1105 1050 Βρανα,
1129 967 1165 1030 τό
1189 987 1222 1030 τι
1246 966 1297 1032 λι-

51 1089 139 1171 βάδιον
166 1089 202 1153 τό
238 1066 464 1174 δαιλιγόμινον
492 1097 554 1152 τῶν
587 1086 757 1174 Ἀββάδοιν
782 1091 840 1154 καί
866 1085 961 1174 ότορα
988 1100 1171 1178 χσριιριαία
1201 1092 1297 1156 τόπια

50 1209 146 1298 ότοργα
171 1215 231 1280 καί
258 1212 445 1300 νομαδιαία,
479 1211 615 1298 πλησίον
648 1207 726 1277 ὄντα
752 1215 810 1276 καί
843 1213 987 1298 γόριιιίίτν
1021 1222 1082 1296 τῶν
1112 1211 1295 1281 Παλατίονι

50 1333 175 1411 όοοότιις
199 1333 392 1423 ἀνήνιγκαν,
421 1331 468 1400 ότι
491 1331 672 1422 τόρίσκοσσι
693 1337 781 1422 παρὰ
804 1343 860 1402 τοῦ
888 1331 986 1402 αότοό
1012 1335 1122 1422 Βρανιί
1150 1333 1295 1402 λπίότσιν

49 1464 90 1524 καί
112 1459 154 1534 τίς
176 1461 213 1526 τό
238 1468 369 1547 κτῆμα,
391 1455 468 1547 όπιρ
489 1461 646 1548 κίκτηται
672 1455 693 1547 ή
718 1459 798 1546 μονή
823 1457 855 1524 όν
878 1470 918 1548 τή
942 1433 1121 1546 τοτοδτσίορ
1148 1469 1205 1549 τής
1226 1459 1296 1528 Βά-

49 1587 163 1670 ρης,τά
189 1581 291 1671 Μήλα
317 1584 505 1668 λτγόμτνον,
529 1579 652 1657 οότινος
679 1585 844 1670 κτήματος
868 1580 885 1648 ό
908 1586 1112 1670 πιριορισμός
1141 1583 1297 1674 δηλοῦται

48 1705 87 1771 διὰ
105 1715 155 1772 τοῦ
169 1710 346 1794 προσόντος
369 1717 409 1794 τῇ
432 1717 514 1794 μονή
538 1703 700 1796 όγγράροσ
713 1715 918 1793 πτριορισμοό
941 1715 997 1772 τοό
1018 1705 1296 1796 Παντοκράτορος.

48 1829 89 1894 ιαί
111 1827 188 1896 οότιο
218 1835 277 1918 μὲν
304 1834 345 1896 τά
372 1841 434 1898 τόν
462 1840 624 1920 μοναχῶν.
652 1826 729 1896 όδί
753 1851 790 1910 γα
812 1829 940 1917 Βρανάς
962 1827 1054 1896 οὐδὲν
1077 1828 1158 1896 ἄλλο
1191 1830 1295 1898 ἀντοι-

47 1965 97 2018 τιίν
120 1953 186 2042 τίχτ
213 1957 293 2042 πρός
328 1950 443 2030 αότοός
469 1953 490 2044 ή
518 1959 575 2021 καί
605 1955 704 2042 μόνην
735 1955 791 2041 τήν
814 1961 869 2020 τοῦ
897 1962 1022 2041 μακροῦ
1049 1957 1167 2043 χρόνου
1196 1959 1294 2044 συνή-

15 2125 16 2130 1
49 2081 121 2144 ότιαν
140 2077 199 2146 καὶ
221 2079 334 2167 νομήν,
358 2077 526 2168 λγγράρας
549 2079 586 2144 δί
615 2075 687 2144 οόττ
717 2076 905 2163 ἀντιβαίνειν
932 2081 1012 2165 πρός
1039 2081 1074 2146 τό
1101 2089 1162 2144 τόν
1192 2096 1295 2166 μονα·

49 2213 98 2286 γον
122 2208 214 2290 μόρος
240 2201 367 2290 ἴσχυον,
392 2199 464 2270 οότι
488 2205 528 2268 τὰ
549 2205 627 2288 πρός
650 2199 766 2268 ἑαυτοῦ
786 2203 944 2290 βοήδτιαν
970 2200 1102 2268 ίδόνατσ
1128 2213 1295 2290 παριστάν,

50 2324 84 2414 ἐρ’
107 2325 129 2416 ᾧ
153 2332 211 2394 καί
239 2326 271 2394 σί
297 2330 338 2393 τό
364 2329 435 2412 πιρί
462 2327 579 2392 τοότιον
614 2325 800 2401 δικάζοντος
830 2326 964 2406 διίγνιον
992 2330 1049 2392 καί
1081 2324 1294 2416 ἀπιρήναντο,

50 2448 79 2524 ἀς
102 2449 135 2517 ἀν
162 2453 232 2517 όπτί
258 2453 410 2537 πρόστστι
441 2459 481 2538 τή
508 2451 640 2536 τοιαότη
664 2451 828 2536 στβασμίιρ
851 2451 1004 2538 βασιλική
1029 2461 1109 2538 μονή
1132 2453 1209 2516 δτία
1238 2455 1296 2518 καί

14 2579 228 2664 ζτροοκονητὰ
258 2575 412 2660 βασιλικὰ
438 2573 664 2661 χροσόβοολλά
691 2595 725 2640 τι
753 2575 809 2640 καί
835 2571 930 2660 όττρα
955 2575 1133 2663 ταλαιγινή
1161 2575 1302 2650 δικαιιό··Ι

14 2673 15 2748 Q
51 2720 115 2782 ματα
134 2697 184 2765 ἀτί
206 2709 273 2772 τοῖς
296 2696 522 2788 ἀραραδτίσιν
548 2693 631 2784 αότη
653 2701 822 2785 κτήμασιν,
852 2698 900 2764 ίτι
922 2721 956 2764 ιι
979 2703 1036 2766 καί
1059 2699 1216 2788 ἔγγραφοι
1237 2721 1294 2766 πα-

51 2828 183 2912 ριορισμοί
205 2833 268 2890 τῶν
293 2824 518 2910 προσηκόντων
541 2817 634 2908 αὐτή,
657 2825 714 2888 καί
743 2819 965 2888 σοντάττονται
988 2820 1021 2888 ἐν
1044 2817 1152 2896 αότοίς
1172 2827 1232 2888 καί
1253 2826 1295 2912 τό

51 2943 177 3034 ιίρημόνα
203 2950 299 3013 τόπια
326 2941 448 3034 όπιργά
480 2968 514 3014 τι
542 2949 600 3012 καὶ
626 2945 814 3032 νομαδιαῖα,
848 2944 1050 3033 κατόχονται
1080 2943 1155 3032 παρ’
1186 2941 1295 3022 αὐτοῖς

14 3101 15 3110 1
50 3077 127 3136 τιόια
146 3075 233 3138 κατὰ
256 3073 315 3146 τάς
334 3071 518 3158 αιριλήψιις
541 3073 665 3136 τάντιιν
688 3079 749 3134 τῶν
776 3073 955 3156 προσόντων
979 3066 1085 3143 αότοῑς
1111 3069 1294 3156 δικαιωμά-

50 3215 101 3272 τοι,
121 3201 175 3262 καί
196 3197 314 3271 καθιδς
338 3192 357 3261 ό
380 3204 435 3260 τοῦ
452 3195 735 3282 στρατοπιδάρχοο
758 3191 891 3274 όκιίνοο,
908 3202 964 3260 τοῦ
987 3192 1092 3262 om
1115 3201 1213 3280 κοροδ
1228 3192 1294 3261 Μι-

52 3321 126 3405 χαήλ,
153 3319 203 3387 ἀτί
226 3323 349 3392 τούτοις
376 3319 590 3406 διαλαμβάνει
622 3323 779 3405 τιρίορος.
808 3317 856 3384 δτι
888 3339 921 3382 τι
956 3317 1137 3384 δικαιοῦται
1162 3315 1183 3406 ἡ
1212 3319 1293 3406 μονή

52 3447 175 3531 κατίχιιν
202 3449 260 3511 καί
286 3447 322 3510 τό
348 3447 435 3510 κατὰ
462 3443 518 3530 τήν
545 3441 655 3530 Βάρην
681 3451 804 3530 κτήμα,
839 3439 882 3516 ιδς
908 3441 1165 3529 διαλαμβάνεται
1190 3439 1223 3508 όν
1251 3441 1295 3529 τῷ

50 3569 219 3657 τιριορισμῷ
241 3578 296 3636 τοῦ
323 3567 599 3654 Παντοκρότορος,
628 3571 686 3632 καί
708 3561 860 3652 οόδτμίαν
885 3563 930 3640 τίς
952 3567 988 3631 τό
1012 3563 1084 3653 όξής
1106 3566 1292 3632 καταδυνα-

53 3696 135 3758 οιιίαν
160 3689 317 3780 τόρίσκιιν
343 3695 401 3758 καί
427 3692 631 3780 διινόχλησιν
653 3693 740 3777 ταρὰ
768 3697 823 3756 τοῦ
846 3687 1015 3777 τίμημίνοο
1042 3688 1213 3778 Κομνηνοΐι
1236 3697 1293 3758 τοό

53 3809 147 3898 ἀραιά,
170 3815 244 3883 οόττ
266 3816 327 3905 μήν
342 3817 432 3902 παρὰ
454 3823 511 3882 τοό
531 3818 646 3901 μόρους
667 3808 764 3879 αότοό
787 3810 808 3902 ἣ
832 3811 933 3879 ἄλλοι
956 3823 1016 3878 τῶν
1040 3810 1187 3878 ἁπάντων
1210 3815 1294 3891 τινὸς

53 3933 136 4006 ίνικτν
157 3951 216 4008 τῶν
244 3942 392 4006 τοιοότιον
414 3938 610 4025 νομαδιαίαν
638 3959 671 4003 τι
695 3940 752 4002 καί
774 3933 916 4024 όπίργοιν
939 3939 1056 4015 τόπον,
1085 3933 1191 4022 ὥσπερ
1213 3935 1294 4023 δήτα

53 4063 94 4126 καί
113 4061 236 4140 αότόςό
258 4064 427 4151 Κομνηνός
450 4059 612 4150 όΒρανας
636 4059 851 4148 ἀντνόχλητος
867 4071 953 4148 μινιί
974 4064 1099 4132 πάντας
1121 4063 1177 4125 καί
1201 4057 1295 4124 ἀδία-

54 4205 153 4263 οιιστος
179 4191 267 4275 παρὰ
293 4197 355 4254 τῶν
381 4187 530 4252 τοισότιον
558 4194 708 4273 μοναχῶν
739 4185 789 4250 ίπί
816 4195 881 4258 τοίς
903 4184 1106 4272 διαφόροοσιν
1135 4179 1220 4268 αότιβ
1243 4183 1296 4248 σί-

53 4307 128 4384 κιίοις
148 4315 288 4402 κτήμασι
310 4313 397 4377 κατὰ
419 4313 479 4384 τὰς
499 4309 683 4397 ττριλήψιις
705 4319 765 4374 τῶν
791 4311 972 4394 προσόντων
1001 4303 1086 4393 αότῷ
1112 4307 1294 4394 δικαιωμά·

54 4453 104 4516 τοι,
125 4441 198 4526 μήτι
221 4446 276 4503 τοῦ
301 4437 444 4502 τοιοότοιι
467 4433 640 4522 Κομνηνοό
662 4442 717 4500 τοῦ
738 4431 850 4518 Βρανά
871 4441 930 4498 τῶν
955 4427 1118 4518 ῥηόόντιον
1143 4441 1292 4518 μοναχῶν

53 4566 278 4650 ιοτατρίχοντος
305 4559 356 4627 όπί
383 4569 448 4633 τοῖς
477 4560 662 4648 διαράμοσσι
687 4559 821 4635 τούτοις,
849 4554 894 4630 ιδς
921 4555 1057 4642 εἴρηται,
1085 4550 1231 4641 όπόργρις
1258 4579 1291 4621 τι

54 4688 95 4746 καί
112 4689 303 4772 νοραδιαίοις
330 4688 451 4759 τοαίοις
472 4688 530 4750 καί
554 4682 696 4756 ἀλλοίοις
725 4684 868 4768 κτήμασι
889 4691 953 4755 τοίς
977 4678 1291 4768 δματριτιλημμίνοις
