3238 5282
1306 279 1372 342 403

98 460 194 549 ἡμῶν
209 458 366 543 αίιδέντοο
389 469 446 528 καί
470 466 637 549 βασιλέως,
661 463 839 532 Δοιίκαιναν
856 467 1111 547 Παλαιολογίναν
1134 472 1232 554 κυρὰν
1254 468 1372 536 Ἀνναν

99 585 280 684 Κομνηνήν
303 588 357 674 τὴν
385 586 606 676 Μαλιασηνην,
631 593 687 654 καί
709 592 750 655 δι’
774 586 861 676 ὑμῶν
883 593 960 677 πρὸς
988 593 1043 677 τὴν
1071 587 1142 677 παρ’
1173 587 1271 679 αὐτῆς
1300 591 1373 657 ἀνε-

99 713 351 798 γερθησομένην
376 714 554 798 σεβασμίαν
580 715 813 801 πατριαρχικην
838 715 935 802 μονὴν
959 715 1014 802 τήν
1039 713 1084 788 είς
1107 711 1211 801 ὄνομα
1234 721 1374 802 τιμωμέ-

99 855 160 922 νην
184 844 240 900 τοῦ
265 840 369 921 τιμίου
391 836 584 914 πανενδόξοο
607 835 797 925 Πρυδρόμοο
820 848 875 924 της
898 837 986 911 Νέας
1009 837 1132 924 Πέτρας
1159 843 1216 904 καί
1238 841 1315 924 πρὸς
1338 843 1374 904 τδ

100 956 189 1025 ἅπαν
224 963 320 1046 μέρος
355 963 412 1026 καί
439 961 599 1048 πλήρωμα
631 963 761 1050 ταύτης,
796 963 910 1036 καθείς
945 964 1182 1050 δηλωθήσεται.
1219 967 1275 1028 καί
1311 946 1373 1050 χᾰρ

100 1080 215 1170 ἐπειδὴ
244 1083 307 1150 ἀπὸ
342 1092 398 1174 της
430 1086 612 1172 προσούσης
640 1107 693 1171 μοι
715 1091 936 1173 ,στενοχωρίας
964 1090 1021 1152 καί
1050 1092 1211 1173 πτωχείας
1239 1093 1295 1152 καί
1319 1108 1376 1167 χυ-

101 1210 262 1292 μνὸτητος
286 1205 332 1282 είς
347 1210 400 1274 τιίν
423 1211 565 1294 παρόντα
581 1206 808 1296 έμτερίστατον
829 1213 942 1296 καιρδν
962 1207 1113 1298 ἠθέλησα
1136 1209 1376 1298 ὲκποιησασδαι

101 1329 156 1396 ἐπί
183 1332 356 1416 διαπράσει
389 1333 536 1398 παντελεί
562 1335 598 1398 τὸ
628 1338 701 1418 παρ’
737 1332 815 1419 ἐμοῦ
843 1337 1017 1420 νεμόμενον
1051 1339 1109 1399 καί
1141 1335 1375 1420 δεσποζόμενον

100 1458 234 1534 γονικδν
265 1477 326 1542 μου
354 1453 507 1542 ἀμπίλιον
536 1458 571 1521 τὸ
596 1454 628 1520 ἐν
652 1468 690 1544 τη
719 1469 855 1544 περιοχῇ
879 1466 934 1522 τοῦ
962 1457 1152 1523 Βελεστίνου
1175 1459 1375 1544 διακείμενον
1405 1533 1412 1554 ⁶

100 1581 140 1643 τὰ
163 1580 362 1663 ποσοιίμενον
387 1577 432 1654 εἰς
459 1576 724 1666 ὁλοκοτιναραίαν
748 1579 968 1668 ἁλμυρωτικην
994 1585 1077 1668 μίαν,
1102 1585 1137 1646 τό
1160 1584 1293 1668 πλησίον
1318 1590 1373 1647 τοῦ

100 1705 250 1788 γαμβροῦ
281 1725 341 1787 μου
368 1701 502 1790 Μιχαὴλ
529 1713 585 1769 τοῦ
607 1702 781 1790 Μαρτίνου,
810 1701 854 1778 ὣς
878 1702 916 1770 ἂν
939 1705 994 1770 διὰ
1017 1714 1073 1770 τοῦ
1097 1709 1275 1792 τιμήματος
1300 1707 1374 1770 τοί-

15 1831 16 1836 ’
101 1849 161 1892 τοο
190 1828 398 1914 έςωνήσωμαι
426 1829 499 1911 βοῦν
528 1825 670 1914 ἀροτῆρα
697 1831 884 1915 καματηρὸν
912 1833 969 1894 καί
997 1827 1179 1916 ἐργάζωμαι
1208 1824 1248 1893 δι’
1278 1823 1376 1894 αὐτοῦ

101 1955 161 2016 καί
185 1955 387 2037 κατασπέρω,
412 1949 442 2015 τί
462 1973 492 2016 τι
513 1949 652 2040 ίσχιίσω,
677 1949 765 2016 ἀλλὰ
788 1956 844 2017 καί
867 1953 922 2038 τὴν
947 1953 1103 2038 χύμνωσίν
1127 1975 1188 2040 μου
1212 1956 1377 2030 σκεπάσω,

101 2080 162 2140 καί
187 2073 253 2142 ἐπεί
277 2074 387 2156 έχνων,
411 2071 453 2150 ὣς
476 2076 609 2162 θέλημα
632 2079 689 2140 καί
712 2076 829 2161 βουλὴν
854 2075 947 2162 ἔχετε
975 2075 1006 2141 οί
1028 2079 1130 2163 κιίριοί
1157 2099 1217 2162 μου
1242 2075 1272 2141 οί
1293 2097 1375 2141 ταν-

15 2277 16 2284 ,
102 2203 328 2280 εογενέσταιοι
362 2195 515 2285 δμόίυγοι
543 2199 769 2286 έξωνησασδαι
797 2197 937 2285 ἀμπέλια
965 2201 1051 2286 λόγῳ
1079 2209 1135 2287 τῆς
1175 2197 1246 2287 παρ’
1278 2195 1376 2287 ὑμῶν,

101 2321 149 2397 ὡς
173 2322 311 2410 εἴρηται,
340 2320 639 2410 ἀνεγερδησομένης
662 2333 895 2410 πατριαρχιιιῆς
924 2334 1022 2410 μονῆς
1051 2333 1107 2410 τῆς
1129 2323 1217 2398 Νέας
1240 2323 1376 2412 Πέτρας,

15 2451 16 2510 3
102 2451 193 2512 κατὰ
216 2455 308 2512 τοῦτο
332 2447 518 2533 προσῆλθον
543 2444 612 2532 ὑμίν
633 2451 689 2512 καί
709 2447 837 2512 δέδωκα
861 2447 983 2535 εἴδησιν
1007 2453 1076 2534 περί
1100 2457 1155 2536 τῆς
1179 2447 1376 2536 έκποιήσιως

15 2577 16 2654 3
102 2581 160 2636 τοῦ
189 2572 393 2659 δηλωθέντος
414 2569 568 2658 ἀμπελίου
598 2593 667 2656 μου,
692 2575 748 2638 καί
772 2570 838 2636 έπεί
862 2567 994 2659 εὕρομεν
1018 2569 1100 2659 ὑμᾶς
1124 2573 1197 2646 τους
1220 2593 1376 2653 τανευχε-

16 2769 17 2794 ἢ
101 2698 274 2769 νεστοίτους
302 2693 476 2780 ὁμοζύγους
505 2693 650 2782 ἑτοίμους
681 2699 760 2781 πρὸς
788 2697 823 2759 τὸ
848 2693 919 2781 ἐμοὶ
949 2693 1070 2784 έρετόν,
1096 2693 1220 2769 εὐθέως
1249 2695 1374 2761 έκοινο-

16 2879 17 2882 ,
103 2821 325 2905 λογησοὶμεθα
353 2823 409 2884 καί
435 2823 687 2905 περιεστήσαμεν
716 2817 748 2894 ἐξ
776 2817 947 2904 ἀρεσκείας
975 2823 1031 2885 καί
1054 2821 1222 2905 θελησειίις
1251 2841 1311 2904 μου
1339 2823 1375 2884 τὸ

16 2953 17 2970 ³
104 2949 230 3029 τίμημα
258 2951 313 3008 τοῦ
336 2944 540 3029 δηλωθέντος
565 2938 641 3007 ὅλου
666 2939 821 3027 ἀμπελίου
846 2965 906 3028 μου
935 2942 979 3015 εὶς
1003 2947 1184 3028 νομίσματα
1212 2943 1375 3028 υπέρπυρα

106 3067 210 3146 ἐννέα,
234 3071 290 3132 καί
314 3065 368 3154 ἀφ’
392 3063 477 3151 ὑμῶν
493 3077 553 3130 τῶν
569 3069 867 3145 πανευγενεστσίτων
883 3063 1046 3150 δμοίόχων
1071 3064 1115 3138 είς
1138 3069 1195 3138 τὰς
1218 3061 1374 3151 ἡμετέρας

104 3202 217 3278 χεῖρας
243 3191 414 3276 δεξάμενος
442 3192 526 3254 κατὰ
549 3191 585 3252 τὸ
614 3187 849 3274 ἀπαράλειπτον
885 3187 1019 3274 ἀληθῶς
1042 3193 1098 3253 καί
1122 3189 1201 3276 δίχα
1237 3186 1377 3274 ἄναρχο-

106 3319 176 3400 ρίας
211 3313 426 3400 οἱασδήτινος,
461 3315 497 3378 τό
531 3313 560 3377 δ’
595 3309 766 3398 ὑπέρπλεον
801 3315 912 3376 τούτου
948 3310 1187 3398 ἀποχαρίίομαι
1222 3323 1260 3400 τη
1297 3321 1378 3398 μονη

17 3421 18 3436 ’
106 3437 197 3524 ἁπλῷ
219 3443 276 3503 καί
305 3435 536 3524 ἀμεταμελήτιρ
561 3437 605 3520 τῷ
633 3439 750 3522 τρόπῳ,
781 3433 843 3499 κᾶν
867 3433 942 3500 ὅσον
968 3434 1031 3522 ἄρα
1054 3440 1111 3501 καί
1135 3435 1233 3514 ἐστὶν,
1270 3433 1298 3501 εί
1321 3439 1378 3499 καί

106 3566 191 3628 κατὰ
213 3562 294 3627 πολὺ
319 3563 354 3626 τὸ
378 3561 543 3625 διπλσίσιον
568 3554 757 3646 ὑπερβαίνει,
781 3559 998 3645 παραδέδωκα
1022 3564 1078 3624 καί
1102 3558 1164 3638 ἐγω
1182 3558 1375 3625 ἀπενεεδδεν

106 3691 162 3750 καὶ
185 3685 248 3752 ἀπὸ
283 3695 339 3771 τῆς
368 3688 508 3772 σήμερον
541 3687 619 3770 πρός
648 3679 729 3768 ὑμᾶς
758 3683 830 3755 τούς
864 3687 1170 3762 πανευχενεστοίτους
1200 3679 1376 3767 δμοίιίχοος

107 3816 163 3875 καί
184 3813 263 3896 πρὸς
280 3811 336 3896 την
359 3804 512 3894 ὑμετέραν
535 3807 767 3893 πατριαρχικὴν
793 3807 892 3892 μονὴν
914 3808 959 3886 τό,
985 3803 1027 3878 ὡς
1057 3805 1185 3893 εἴρηται,
1212 3803 1286 3870 ὅλον
1311 3803 1376 3890 ἀμ-

107 3937 213 3999 πέλιέν
243 3955 320 4020 μου,
354 3933 501 4020 δηλονότι
530 3933 584 4018 την
609 3935 682 4016 μίαν
712 3927 990 4014 ίλοκοτιναραίαν,
1027 3929 1107 4016 δδη
1132 3927 1286 4014 σίμπέλιον
1320 3931 1377 3992 καί

109 4059 264 4133 καθέξετε
294 4057 350 4122 σὺν
378 4055 421 4143 τῷ
449 4061 536 4142 μέρει
563 4063 619 4140 της
643 4061 741 4140 μονῆς
770 4051 837 4146 ἀπὸ.
856 4061 911 4116 τοῦ
935 4061 986 4116 νῦν
1011 4057 1066 4116 καί
1094 4063 1137 4126 είς
1160 4056 1196 4116 τό
1224 4050 1295 4138 ἑξῆς
1318 4056 1375 4115 καί

110 4185 218 4268 μέχρις
243 4179 281 4244 ἂν
305 4183 340 4245 τὸ
368 4190 429 4245 πᾶν
452 4175 649 4265 περιΐσταται
677 4181 802 4262 κυρίως,
832 4172 1029 4248 αόδεντικῶς
1057 4179 1113 4240 καί
1137 4173 1377 4248 ἀνεπικωλύτως

110 4307 164 4368 καί
186 4303 260 4370 ἄνευ
284 4306 366 4377 τινος
389 4303 510 4375 δέσεως
538 4302 647 4373 τέλους
670 4303 727 4362 καί
757 4299 882 4383 βάρους,
917 4305 1082 4371 ποιοῦντες
1111 4295 1158 4362 ἐπ’
1188 4294 1285 4383 αὐτῷ,
1316 4293 1378 4361 ὅσα

111 4429 224 4515 βουλῆς
252 4432 308 4492 καί
331 4427 498 4514 δελήσεως
523 4423 615 4508 ἔχετε
640 4427 696 4486 καί
721 4418 782 4486 ὅσα
812 4419 841 4484 οἱ
864 4423 951 4484 θεῖοι
978 4425 1034 4484 καί
1064 4422 1259 4508 ριλευσεβεῐς
1283 4424 1376 4506 νέμοι

111 4554 357 4638 ὲκκεχωρήκασι
391 4559 490 4614 ποιεῖν
526 4547 597 4618 τους
633 4545 771 4618 οἰκείους
808 4557 913 4630 νομεῖς
948 4547 1003 4608 καί
1038 4546 1193 4618 δεσπότας
1229 4543 1278 4609 ἐπὶ
1313 4557 1376 4616 τοις

112 4673 226 4741 ἑαυτῶν
250 4665 426 4762 πράγμασι,
452 4673 494 4758 μη
518 4675 603 4755 παροί
628 4690 711 4741 τινος
740 4678 794 4732 τοῦ
817 4670 934 4741 παντὸς
963 4672 1072 4746 γένους
1096 4674 1151 4733 καί
1177 4673 1290 4753 μέρους
1316 4689 1375 4754 μου

1095 4781 1126 4829 26
1147 4775 1162 4810 *
