3140 5306
224 287 227 294 ·
275 265 339 326 226

363 454 492 534 ἡἘπεί
523 453 673 528 ἐλθόντες
698 453 728 520 οἱ
763 459 900 542 μοναχοί
923 455 953 520 οἱ
982 453 1042 520 ἀπό
1071 464 1127 540 τῆς
1163 455 1340 537 σεβασμίας
1370 452 1532 534 βασιλικῆς

276 587 374 666 μονῆς
401 585 456 662 τῆς
490 575 665 663 όπεροίχνου
692 579 860 665 δεσποίνης
893 575 981 665 ἡμῶν
1016 581 1175 643 δεοτόκου
1209 587 1264 664 τῆς
1294 575 1531 662 Λεμβιωτίοσης

275 706 333 766 καί
356 700 533 790 ἐμφάνισον
556 700 629 788 ἡμῖν
653 703 806 782 σιγίλλιυν
827 711 882 788 τῆς
904 713 1004 787 κυρας
1027 707 1084 766 καί
1100 705 1250 788 μανίτίας
1275 722 1335 786 μου
1358 703 1416 764 καί
1437 696 1532 760 ίδικόν

278 845 349 910 μου,
367 821 415 889 ὅτι
435 823 522 896 ἐντός
546 833 601 910 τῆς
624 825 732 912 Βάρης
755 823 884 912 εἴχομεν
906 827 1069 912 χωράριον
1092 821 1125 900 ἐξ
1148 820 1333 909 ἀχορασίας,
1358 825 1416 886 καί
1436 821 1530 884 δεδώ-

275 967 380 1032 καμεν
404 943 481 1012 αότό
509 947 554 1018 είς
582 949 636 1034 τὴν
665 948 763 1034 μονὴν
786 950 844 1034 πρό
873 951 994 1034 χρόνων
1016 947 1151 1028 πολλῶν,
1176 951 1233 1011 καί
1260 944 1347 1032 εἶχεν
1383 939 1460 1008 αότό
1483 947 1533 1006 καί

277 1069 415 1156 ἐνέμετο,
447 1076 561 1136 τοίνυν
586 1073 621 1135 δέ
646 1069 792 1158 ὤχλησεν
814 1068 929 1145 αότοός
952 1068 969 1136 ό
994 1069 1161 1158 ἄνθρωπός
1186 1092 1256 1156 μου,
1281 1073 1337 1134 καί
1358 1069 1454 1134 πάλιν
1476 1070 1531 1131 θέ-

276 1196 364 1280 λημα
381 1193 458 1281 έχω,
481 1191 534 1258 ἵνα
549 1200 673 1281 κατέχη
698 1190 774 1260 αότό
798 1192 818 1282 ἡ
843 1197 933 1283 μονὴ,
956 1197 1070 1268 καθὼς
1087 1193 1173 1281 εἶχεν
1197 1191 1273 1260 αὐτό
1296 1197 1353 1257 καί
1375 1195 1531 1278 πρότερον,

277 1315 509 1404 ἅνενοχλὴτως,
537 1322 593 1382 καί
614 1320 655 1404 μὴ
680 1319 826 1404 τολμήσῃ
848 1307 897 1418 Ιτις
919 1328 980 1382 τῶν
1002 1314 1161 1405 ἡμετέρων
1190 1315 1242 1382 ἵνα
1267 1314 1396 1402 δχλὴση
1420 1317 1455 1378 τό
1479 1311 1531 1398 μέ-

277 1465 330 1528 ρος
354 1452 408 1528 τῆς
433 1450 531 1528 μονῆς
553 1439 649 1506 ἕνεκα
673 1450 727 1506 τοῦ
750 1445 890 1507 τοιούτου
913 1440 1087 1529 χωραρίου.
1116 1441 1171 1505 διὰ
1194 1443 1254 1526 γὰρ
1279 1447 1371 1504 τοῦτο
1398 1439 1532 1517 έηεγόνει

278 1570 335 1630 καί
358 1569 393 1630 τό
416 1569 515 1651 παρόν
537 1563 690 1653 ἡμέτερον
714 1571 846 1652 γράμμα
869 1571 925 1631 καί
949 1567 1091 1652 ἐπεδόθη
1116 1563 1161 1650 τηί
1184 1569 1270 1650 μέρει
1293 1573 1349 1649 τῆς
1374 1571 1472 1649 μονῆς
1494 1560 1533 1634 εἰς

278 1687 506 1774 περισσοτέραν
524 1688 711 1776 ἀσφάλειαν.
735 1694 840 1775 μηνί
864 1693 1159 1778 ρευρουαρίῳ
1181 1686 1260 1753 ίνδ.
1285 1689 1531 1770 δευτέραςβ.

367 1811 444 1892 †‘0
469 1813 616 1897 Φιλῆς
638 1818 667 1893 †.

516 2005 618 2072 OIILI.
636 2007 865 2084 owe—1280,
883 2023 990 2072 mense
1006 2004 1125 2086 martio,
1143 2003 1207 2071 ind.
1226 2003 1306 2070 VIII.

463 2155 601 2224 θεονρίιιε
617 2154 747 2210 vacabas
762 2155 858 2209 υσιιιίίί
872 2155 1044 2209 monasterio
1060 2171 1191 2224 campum
1206 2155 1237 2207 τίι
1253 2149 1365 2212 Liada.

365 2303 463 2385 ἡΤό
490 2309 745 2390 πρατὴριον
773 2305 1008 2392 Γεωρχίοο
1037 2303 1533 2388 τοδΚακαβᾶκαίτων

285 2429 494 2516 ἀδελφῶν
534 2423 673 2492 αὐτοῦ
712 2432 848 2514 χάριν
886 2437 964 2494 τοῦ
1004 2433 1244 2517 χωραρίοο
1282 2425 1430 2492 αὐτῶν
1462 2435 1532 2492 τοῦ

280 2549 714 2638 είςτόνΑιλίδηνβ.

369 2673 466 2754 Σίγνα
494 2673 651 2759 Γεωργίου
674 2685 728 2740 του
752 2676 908 2761 Κακαβᾱ,
933 2674 1108 2754 Νικολάου,
1131 2683 1187 2740 τοῦ
1211 2671 1413 2763 αόταδέλρου
1436 2670 1533 2752 αὐτοῦ,

281 2801 339 2863 καὶ
361 2796 483 2884 Καλῆς,
506 2807 562 2884 τῆς
586 2793 787 2887 αόταδέλρης
804 2796 910 2864 αὐτοῦ.
938 2817 942 2830 ·

371 2918 454 3002 ’ςἘν
472 2919 602 3008 όνόματι
617 2943 648 2986 κ.
665 2944 691 2986 τ.
709 2921 734 2987 έ.
751 2919 841 3009 ἡμεῖς
858 2921 887 2987 οἱ
903 2919 1029 2989 ἄνωθεν
1045 2923 1099 3010 τὴν
1115 2933 1231 3009 πρᾶσιν
1244 2973 1251 2988 .
1308 2925 1470 3010 τιθέμεθα
1484 2926 1533 2986 καὶ

281 3053 430 3132 ποιοῦμεν
446 3047 524 3130 πρός
544 3047 598 3132 τὴν
621 3045 788 3131 βασιλικὴν
810 3046 906 3131 μονὴν
927 3055 987 3110 τῶν
1007 3042 1152 3132 Λέρβων,
1172 3047 1285 3118 καθὼς
1305 3047 1533 3133 δηλωθήσεται.

281 3173 338 3235 καί
359 3172 420 3254 γὰρ
442 3170 476 3232 τό
498 3171 660 3257 χωροίριον
680 3163 769 3254 ἡμῶν
789 3170 824 3232 τό
846 3165 880 3231 όν
896 3173 951 3233 καί
972 3169 1172 3255 διακείμενον
1189 3167 1222 3233 ὲν
1237 3181 1275 3255 τῆ
1295 3173 1471 3252 τοποθεσίας
1485 3175 1533 3231 τοὺ

282 3290 410 3378 Λιλίδη,
432 3293 466 3356 τό
486 3295 543 3356 καὶ
562 3292 761 3378 πλησιαστὰς
782 3291 859 3378 έχον
881 3288 942 3356 ἀπό
961 3296 1017 3378 μὲν
1039 3289 1195 3378 ἀνατολῆς
1210 3295 1373 3382 χωροίιριον
1389 3301 1443 3357 τοῦ
1458 3291 1534 3358 Koo-

283 3417 353 3494 τλᾱ,
383 3413 444 3480 ἀπό
472 3415 507 3478 δέ
536 3416 655 3488 δύσεως
682 3417 846 3504 χωρόριον
869 3425 924 3480 τοῦ
947 3415 1093 3481 Πελοίτου
1119 3421 1176 3482 καί
1203 3413 1265 3482 ἀπὸ
1289 3415 1408 3504 ἄρκτου
1434 3417 1533 3504 χωρεί-

285 3558 356 3627 φιον
377 3547 432 3602 τοῦ
453 3536 634 3624 Τριαλώνου
649 3537 782 3626 Μιχαὴλ
801 3543 857 3603 καί
878 3537 938 3604 ἀπό
961 3542 1159 3628 μεσημβρίας
1180 3545 1343 3630 χωροίριον
1363 3549 1418 3606 τοῦ
1437 3540 1535 3606 Καλο·

286 3662 501 3750 στεροίνυυ...
523 3665 579 3726 καί
599 3663 701 3740 λόχων
722 3664 915 3749 κινηθέντων
935 3667 1006 3750 περί
1026 3672 1080 3728 τοῦ
1102 3667 1278 3752 τιμὴματος
1299 3659 1401 3729 αὐτῶν
1417 3661 1534 3748 ὕστερον

283 3787 532 3871 περιεστησαμεν
560 3780 644 3870 αὐτῷ
671 3785 709 3847 έκ
739 3791 919 3873 συμφωνίας
945 3789 1000 3849 καί
1029 3783 1198 3872 ἀρεσκείας
1226 3797 1287 3852 τῶν
1313 3785 1470 3874 ἡμετέρων
1497 3783 1535 3856 είς

285 3905 456 3995 όπέρπυρον
477 3908 520 3987 ἓν,
545 3903 619 3994 ὅπερ
636 3913 692 3971 καί
712 3906 863 3990 λαβόντες
880 3957 887 3972 .
904 3958 911 3973 .
929 3959 936 3974 .
953 3913 1009 3973 καί
1024 3911 1153 3984 τελείως
1176 3907 1345 3986 ἐκστάντες
1368 3921 1424 4000 τῆς
1446 3907 1531 3974 αότοό

285 4034 484 4118 διακατοχῆς
507 4035 564 4095 καί
590 4040 689 4118 νομῆς
714 4029 949 4118 έκχωροόμεθά
977 4053 1028 4096 σοι
1051 4030 1265 4118 ἐπιλαβέσθαι
1292 4029 1389 4101 αὐτοῦ
1412 4055 1442 4100 κ,
1464 4057 1488 4097 τ.
1510 4029 1531 4094 I.

289 4151 375 4229 ὅστις
388 4155 423 4218 δέ
441 4153 473 4230 Ie
488 4151 576 4242 ἡμῶν
590 4155 737 4240 βοοληδὴ
753 4151 829 4240 όπὲρ
846 4153 1024 4242 ἀνατροπῆς
1037 4156 1178 4243 λαλῆσαι
1193 4152 1358 4247 εόλόγουὴ
1372 4157 1533 4234 ἀνευλόχοο

287 4329 316 4344 ..
332 4280 472 4352 ,δόσεως
488 4281 661 4364 προστίμου
677 4274 920 4362 όπυκεισόμεδα
934 4281 1011 4363 πρός
1027 4281 1062 4343 τό
1080 4281 1243 4364 βασιλικόν
1261 4284 1437 4368 βεστιάριον
1453 4278 1532 4362 ὑπέρ-

286 4401 598 4488 πυραλίτρανμίαν.
624 4401 1033 4486 μηνίμαρτίιρίνδ.
1060 4395 1532 4492 η’τοῖιςιβπηέτουςβ.

373 4525 560 4611 Μάρτυρες»
588 4525 751 4598 Νικόλαος
787 4523 803 4590 ό
841 4525 1053 4613 Μαχγοόρης,
1091 4525 1234 4615 Ἰωάννης
1273 4527 1290 4596 ὁ
1327 4528 1533 4614 Περγαμηνός,

285 4645 440 4732 Γεώρηιος
465 4645 482 4710 ό
506 4645 701 4731 Τριαλώνης.
