3190 5284
535 535 642 602 XLIX.
660 533 789 602 6782-
800 532 893 614 1274,
910 538 1032 614 (mense
1048 531 1150 613 iulio),
1168 531 1233 598 ind.
1252 534 1290 600 11.

570 701 750 758 Μοταειενίο
766 701 898 756 traditur
910 701 1067 772 praedium
1081 700 1111 758 S.
1130 699 1254 774 Georyii.

363 867 1548 957 γΤδἐκδοτῆριοντῆςμοναχῆςΜάρθαςτῆςΘρα-

274 988 1547 1081 κησίνηςκαίτουγαμβροῦαότῆςκαίτῆςθυγατρός

273 1111 1548 1204 χάριντοῦμετοχίουτοῦείςτὰΣκυυρβοάλλαὰγίοο

277 1239 513 1324 Ιέωργίου
542 1244 572 1320 †.

358 1378 442 1460 †‘0
476 1381 646 1454 δοῦλος
674 1389 751 1446 τοῦ
787 1389 1025 1468 κραταιοῦ
1053 1384 1132 1446 καί
1160 1377 1299 1460 ἀγίου
1325 1373 1451 1464 ἡμῶν
1483 1371 1550 1439 αίι-

274 1507 444 1569 θὲντου
471 1508 549 1569 καί
585 1502 829 1589 βασιλέως,
870 1503 1231 1576 Κωνσταντῖνος
1266 1499 1282 1568 δ
1317 1496 1549 1572 Δούκσςδ

277 1627 1162 1714 Συναδηνδς,οίκείηχειρίπροέταξα.

345 1773 618 1881 ΣίγνσνίΜάρθας
642 1795 787 1872 μοναχῆς
939 1775 1190 1878 ΣίγνονίἌννης

366 2065 464 2147 γἚν
488 2065 621 2152 δνόματι
648 2076 703 2132 τοῦ
731 2069 848 2152 πατρὸς
875 2071 932 2132 καί
960 2075 1015 2131 τοῦ
1039 2065 1107 2131 υἱοῦ
1131 2070 1186 2130 καί
1214 2074 1268 2131 του
1293 2063 1386 2145 ἁγίου
1411 2065 1551 2149 πνείμα·

280 2212 335 2265 τος
362 2195 418 2254 καί
442 2199 498 2276 τῆς
521 2195 638 2274 κυρίως
662 2195 718 2254 καί
743 2188 876 2278 ἀληθῶς
901 2186 1105 2276 ὑπερενδίίου
1129 2190 1298 2275 δεσποίνης
1321 2184 1410 2275 ἡμῶν
1435 2190 1550 2252 θεοτί-

280 2335 341 2380 κου
368 2317 425 2380 καί
452 2311 666 2398 ἀειπαρθὲνου
693 2311 831 2398 Μαρίας.
866 2314 918 2378 ὲπί
946 2322 1001 2400 τῆς
1026 2313 1190 2397 βασιλείας
1218 2322 1279 2378 των
1315 2309 1547 2396 εὐσεβεστάτων

281 2440 338 2500 καί
353 2438 555 2502 θεοστίπτων
576 2437 732 2520 βασιλίων
753 2432 852 2524 ἡμων,
875 2435 1010 2522 Μιχαὴλ
1034 2436 1176 2522 μεγάλου
1194 2436 1351 2520 βασιλέως
1375 2439 1431 2500 καί
1456 2432 1547 2498 αὐτο-

280 2563 437 2646 κράτορος
470 2557 634 2646 Ῥωμαίων
669 2558 841 2646 Κομνηνοῦ
869 2569 924 2624 τοῦ
952 2557 1178 2640 Παλαιολάγοο
1207 2563 1262 2624 καί
1286 2563 1358 2623 νίου
1381 2557 1550 2623 Κωνσταν-

284 2687 368 2746 τίνου
396 2687 453 2748 καί
481 2684 650 2769 Θεοδώρας
674 2691 730 2770 τῆς
754 2679 984 2770 εδσεβεστάτης
1012 2679 1190 2769 αὐγοίστης
1213 2686 1271 2748 καί
1294 2692 1354 2746 των
1378 2683 1552 2767 περιποθή-

286 2825 346 2869 των
369 2809 426 2870 καί
449 2808 635 2894 θεοστειριῖιν
658 2805 742 2885 υἱῶν,
765 2805 972 2892 Ἀνδρονίκου
995 2815 1050 2870 τοῦ
1067 2801 1297 2890 εδσεβεστάτου
1321 2805 1480 2889 βασιλέως
1503 2805 1554 2867 καί

287 2925 525 3014 αὐτοκράτορος
553 2928 716 3016 Ῥωμαίων
750 2929 921 3016 Κομνηνοῦ
945 2938 1000 2995 τοῦ
1023 2929 1251 3008 Παλαιολόγου
1274 2931 1331 2992 καί
1358 2927 1480 3014 ’Άννης
1501 2935 1552 3012 τῆς

284 3047 518 3139 εθσεβεστάτης
542 3047 733 3142 αίιγοιίστης,
757 3050 848 3140 ἡμεῖς
873 3051 902 3118 οἱ
925 3051 1049 3118 ἀνωθεν
1073 3061 1128 3118 τοῦ
1151 3055 1306 3138 παρόντος
1327 3048 1433 3140 ὅρους,
1457 3047 1475 3115 δ
1499 3053 1552 3136 μὲν

285 3173 485 3264 αβτυχείρως
508 3178 675 3262 προτάξας,
701 3174 792 3240 αἰδὲ
817 3175 1035 3263 οὶκειοχείρως
1057 3177 1357 3264 σιγνογραφῆσασατ
1381 3177 1433 3240 τὸν
1458 3179 1553 3259 τίμιον

289 3303 346 3365 καί
375 3303 528 3374 ζωοποτόν
563 3303 698 3386 σταυρὸν
726 3301 782 3386 τῆν
808 3307 971 3385 παροῦσαν
1007 3297 1239 3384 ἐκδοτηριακὴν
1274 3294 1362 3385 ἡμῶν
1399 3297 1553 3384 ἔγγραφον

285 3425 449 3509 τιθέμεθα
472 3427 530 3488 καί
545 3431 698 3509 ποιοῦμεν
724 3426 805 3508 μετὰ
822 3421 949 3511 ἀποχῆς
971 3425 1028 3486 καί
1052 3419 1233 3495 ἀποτάίεως
1249 3423 1412 3508 καθαρὰν,
1437 3418 1553 3507 ἀληθῆ,

287 3546 433 3628 βεβαίαν,
459 3543 632 3634 αὐτοθελῆ,
658 3544 902 3633 ἀμετάτρεπτον,
928 3543 1140 3610 ἀναλλοίωτον
1163 3542 1221 3608 καὶ
1243 3548 1328 3609 κατὰ
1345 3547 1463 3619 παντὸς
1487 3545 1554 3628 τρό-

284 3689 346 3734 που
370 3671 427 3733 καί
451 3669 601 3734 καθόλου
630 3667 817 3756 ἐκδοτῆριον
841 3673 897 3733 καὶ
921 3667 1043 3732 τελείαν
1068 3666 1260 3732 ἀπεντευθεν
1287 3665 1352 3755 ἤδη
1377 3667 1555 3754 σωματικῆν

285 3799 341 3855 τοῦ
375 3797 545 3878 κατωτέρω
574 3793 851 3880 δηλωθησομίνου
885 3793 1071 3877 πράγματος
1100 3799 1155 3878 τῆς
1185 3799 1283 3877 μονῆς
1316 3787 1405 3879 ἡμῶν
1440 3799 1495 3877 τῆς
1521 3787 1554 3852 ἐκ

287 3925 417 4002 γυνικῆς
450 3917 667 4003 κληρονομίας
701 3914 934 4000 περιελθούσης
967 3911 1040 4001 ἡμίν
1076 3917 1156 4000 μετὰ
1190 3917 1308 3989 παντὸς
1342 3915 1470 3980 δικαίου
1502 3915 1554 3977 καί

286 4042 458 4125 προνομίου
484 4033 591 4126 αὐτῆς,
616 4036 749 4122 ἑκουσία
772 4037 807 4100 δὲ
832 4047 871 4124 τῆ
896 4040 1005 4122 γνώμη
1022 4039 1078 4102 καί
1101 4033 1355 4123 αὐτοπροαιρίτῳ
1380 4038 1480 4125 βοολῆ
1503 4039 1554 4101 καί

287 4162 434 4249 θελήσει,
458 4159 515 4225 καὶ
536 4153 595 4224 οδκ
620 4159 658 4223 ἔκ
680 4181 761 4232 τινος
786 4157 931 4247 ἀνάγκης
953 4157 973 4246 ἢ
992 4161 1062 4242 βίας
1084 4157 1105 4246 ῆ
1129 4159 1352 4250 δυναστείαςῆ
1375 4165 1553 4247 περιεργίας

285 4281 307 4371 ἢ
332 4279 536 4370 ῥᾳδιουργίας
559 4279 580 4372 ἢ
605 4283 724 4370 χλεύης
747 4279 768 4370 ῆ
793 4279 902 4367 ἑτὲροις
919 4279 1091 4348 δποιασοῖιν
1113 4283 1266 4369 ἐπιψίγου
1291 4281 1394 4359 αίτίας
1418 4295 1474 4372 τῆς
1496 4293 1551 4348 τῶν

286 4410 390 4494 νόμων
408 4406 677 4493 ἀποτρεπομένης,
702 4410 801 4493 χωρίς
817 4407 853 4471 δὲ
879 4413 934 4492 τῆς
954 4404 1083 4472 οἱασοῦν
1105 4405 1266 4491 περινοίας
1290 4413 1346 4473 καί
1361 4409 1551 4497 δολιάτητος,

289 4536 369 4617 μετὰ
397 4533 433 4596 δὲ
460 4517 610 4616 πλείστης
636 4523 725 4616 ἡμῶν
753 4539 810 4615 τῆς
837 4533 1020 4616 προθυμίας
1047 4533 1104 4593 καί
1132 4535 1284 4617 μεγίστης
1312 4529 1478 4620 ἀποδοχῆς
1500 4533 1552 4596 καί

290 4652 451 4741 δλοψίιχου
485 4656 670 4740 προθέσεως
698 4658 753 4718 καί
788 4657 867 4739 μετὰ
890 4655 1073 4718 καθολικοῦ
1102 4657 1157 4718 καί
1191 4659 1325 4740 νομίμου
1348 4658 1549 4745 δερτνσίωνος
