3140 5306
269 225 332 292 274

271 441 347 506 μου,
377 417 531 505 ἐπικσριύν
559 421 616 506 μέν
643 419 701 484 καί
730 419 771 482 τὰ
804 417 981 505 παλαιγενῆ
1008 415 1234 504 χρυσόβσυλλα
1263 418 1320 483 καί
1346 413 1464 484 ἀλλοία
1492 417 1537 482 δι-

269 547 441 630 καιώματα
469 552 525 630 τῆς
553 551 665 628 μονῆς,
695 539 882 626 έπιβεβαιῶν
909 543 946 606 δέ
972 544 1031 606 καί
1057 543 1113 628 τήν
1141 540 1327 627 σικρε-τικῆν
1358 540 1538 620 διάγνωσιν,

269 668 307 755 ῆν
336 666 522 754 ἐπορίσαντο
551 664 581 730 οί
609 670 756 754 μοναχοί.
786 663 853 730 ἐπεί
880 663 915 729 δὲ
941 665 1007 729 ἔδει
1031 663 1089 729 καὶ
1115 675 1251 737 τοπικῶς
1276 662 1538 750 ἀποκαταστῆναι

270 793 344 866 τούς
372 790 534 878 μοναχούς
563 788 609 862 είς
639 785 715 875 ὅπερ
744 789 858 876 έχουσι
891 789 1033 866 δίκαιον,
1069 788 1242 873 διορίζεταί
1269 784 1362 876 σοιὴ
1391 789 1538 872 βασιλεία

271 939 341 1003 μου,
366 913 408 988 ύς
430 912 467 979 ἀν
489 911 638 1000 ἀπόλδης
662 913 699 978 σύ
725 910 828 978 έκεῖσε
852 911 908 978 καί
932 912 1085 998 έΕετσίσης
1108 916 1148 976 τὰ
1171 921 1227 998 τῆς
1251 913 1400 998 τοιαύτης
1417 908 1537 976 ύποδὲ-

271 1061 351 1112 σεως
375 1036 515 1124 ἀκριβῶς
538 1041 594 1101 καί
619 1041 699 1122 μετὰ
723 1034 893 1124 ἀληθείας.
924 1040 1065 1123 ζητήσας
1089 1039 1146 1122 μίν
1169 1038 1210 1100 τά
1233 1035 1462 1122 χρυσόβσυλλα
1485 1045 1538 1120 τῆς

270 1163 419 1248 τοιαύτης
447 1170 555 1248 μονῆς,
593 1163 735 1248 ζητήσας
762 1162 797 1224 δὲ
826 1165 883 1225 καί
911 1164 950 1226 τὰ
984 1158 1080 1246 ἕτερα
1113 1157 1211 1248 αὐτῆς
1246 1161 1452 1246 δικαιώματα
1485 1164 1538 1224 καί

271 1289 427 1372 γνωρίσης
450 1289 507 1358 τὰς
531 1286 646 1348 τούτων
672 1285 865 1372 περιληψεις,
891 1287 1004 1372 μάδης
1027 1285 1063 1348 δὲ
1087 1287 1173 1369 παρὰ
1202 1293 1338 1348 τοπικῶν
1363 1282 1538 1368 ἀνθρώπων

272 1406 438 1498 χρησίμων
466 1412 523 1473 καί
557 1411 597 1474 τὰ
625 1405 696 1494 όρια
720 1419 778 1472 τῶν
808 1408 978 1494 εἰρημένων
1007 1413 1121 1474 τσπίων
1149 1418 1208 1472 τῶν
1236 1405 1358 1482 ἐντοῖς
1384 1408 1539 1480 τοιούτοις

269 1533 540 1620 περιειλημμένων
574 1533 778 1617 δικαιώμασι,
815 1537 870 1598 καί
899 1532 1008 1596 ἔκτοτε
1043 1533 1142 1617 τοίξης
1175 1535 1230 1595 καί
1266 1529 1537 1617 ἀποκαταστῆσης

271 1660 357 1720 κατὰ
380 1659 432 1722 τόν
456 1664 510 1720 τού
539 1657 666 1720 δικαίου
690 1661 746 1720 καί
770 1665 825 1742 τῆς
850 1654 1010 1742 ἀληθείας
1032 1656 1129 1735 λόχον
1153 1656 1227 1728 τούς
1255 1655 1419 1728 τοιούτους
1443 1677 1538 1740 μονα·

269 1781 363 1866 χούς,
389 1776 472 1852 ὅπως
496 1783 675 1865 κατέχωσιν
699 1777 923 1866 ἀνενοχλῆτως
946 1783 985 1842 τὰ
1009 1779 1230 1868 διαληφθέντα
1258 1781 1350 1844 τόπια
1374 1781 1463 1844 κατὰ
1486 1781 1538 1850 τὰς

269 1905 454 1990 περιλήψεις
482 1915 541 1966 τῶν
569 1906 749 1988 προσόντων
779 1897 886 1978 αὐτοῖς
909 1903 1153 1990 χρυσοβούλλων
1178 1906 1234 1966 καί
1260 1900 1374 1988 ἑτέρων
1403 1902 1535 1966 δικαιω-

232 2036 235 2043 ’
270 2032 376 2114 μοίτων
400 2029 457 2091 καί
481 2027 523 2113 μή
549 2021 733 2112 εὑρίσκωσιν
758 2026 804 2099 εἰς
826 2029 861 2090 τό
886 2025 958 2114 ἑξῆς
977 2027 1031 2112 τὴν
1059 2037 1219 2112 τυχοῦσαν
1247 2025 1453 2114 διενόχλησιν
1473 2027 1535 2112 χά-

269 2173 316 2238 ριν
340 2153 562 2236 τούτωνπαρὰ
583 2158 637 2216 τού
659 2150 863 2246 δηλωθέντσς
882 2149 991 2236 Βρανοί
1011 2148 1069 2214 καὶ
1089 2158 1143 2215 τού
1165 2153 1280 2238 μέρους
1302 2143 1410 2214 αὐτού.
1434 2147 1535 2214 ύσαύ·

269 2297 330 2346 τως
352 2279 410 2338 καί
436 2276 489 2338 τόν
512 2273 640 2358 Βρανᾶν
664 2272 937 2361 ἀπυκαταστήσης
960 2278 1016 2339 καί
1042 2269 1135 2338 αύτόν
1159 2272 1205 2346 είς
1229 2275 1264 2338 τύ
1293 2272 1411 2339 οίκεῖον
1441 2270 1535 2339 αύτού

269 2399 405 2478 δίκαιον,
430 2395 475 2472 είς
502 2393 577 2462 ὅσον
600 2401 656 2461 καί
679 2399 719 2461 τὰ
742 2397 944 2482 δικαιώματα
974 2399 1086 2462 τούτου
1106 2397 1387 2482 διαλαμβάνουσιν,
1423 2395 1475 2463 ίπί
1497 2399 1537 2482 τῷ

270 2521 352 2608 μηδὲ
387 2529 497 2585 τοῦτον
525 2517 679 2606 εὑρίσκειν
708 2523 743 2584 τό
773 2517 835 2585 ἀπό
870 2521 963 2585 τοῦδε
991 2519 1053 2586 ἀπό
1082 2531 1141 2586 τῶν
1173 2531 1323 2607 μοναχῶν
1354 2519 1535 2609 οἱανδῆτινα

270 2641 413 2710 ἐπίθεσιν
436 2647 493 2708 καί
521 2640 647 2710 ἀδικίαν
672 2641 721 2708 έπί
745 2655 810 2716 τοῖς
842 2643 981 2717 οίκείσις.
1013 2643 1080 2710 ἐπεί
1102 2645 1139 2708 δέ
1162 2641 1291 2723 λέγειό
1321 2643 1466 2730 Βρανοίς,
1491 2640 1536 2710 ότι

268 2766 468 2854 εἰσέρχονται
496 2765 526 2834 οἱ
552 2771 692 2855 μοναχοί
714 2767 758 2841 τίς
782 2770 817 2834 τό
841 2764 930 2854 όρος,
967 2765 1041 2856 ὅπερ
1064 2767 1285 2855 περιείληπται
1311 2765 1343 2834 ἐν
1367 2765 1410 2856 τῷ
1442 2765 1535 2834 αύτού

267 2890 433 2978 πρακτικῷ
455 2895 548 2978 χάριν
573 2892 748 2967 ξυλιύσεως
770 2895 827 2956 καί
847 2901 955 2978 νομῆς,
984 2895 1040 2980 καί
1064 2888 1100 2958 ού
1124 2892 1252 2956 διδόασι
1275 2893 1311 2956 τό
1336 2889 1458 2980 ἀνῆκον
1482 2889 1536 2957 αό-

269 3026 349 3092 τοίς,
378 3011 454 3100 ὅπερ
482 3013 570 3101 εἶχον
597 3017 770 3102 συνήθειαν
798 3018 854 3082 καί
877 3013 1001 3081 ἐδίδουν
1028 3019 1177 3102 πρότερον
1200 3018 1278 3102 πρός
1301 3038 1335 3080 τε
1361 3019 1417 3081 τόν
1442 3011 1535 3080 αύτού

269 3141 439 3226 πενθερόν,
464 3140 516 3204 τόν
542 3143 642 3225 μέγαν
666 3136 786 3205 ἐκεῖνον
810 3141 1030 3224 δρουχχοίριον,
1055 3139 1212 3224 καὶπρὸς
1236 3133 1423 3228 αύτὸνχδιά
1446 3148 1534 3206 τοῦτο

261 3267 326 3332 ,καί
354 3259 502 3350 ἀφείλετο
531 3260 651 3329 ἐκτῶν
687 3273 837 3350 μοναχῶν
861 3259 878 3326 ό
901 3263 1028 3348 Βρανᾱς
1051 3260 1095 3336 ύς
1126 3261 1267 3350 ἀμάχιον
1291 3266 1331 3328 τὰ
1358 3271 1416 3349 πῆς
1441 3271 1536 3348 μονῆς

268 3387 414 3472 πρόβατα
437 3390 493 3450 καί
517 3384 601 3450 ἄλλα
624 3389 703 3466 τινά,
728 3387 900 3472 διορίζεταί
922 3409 975 3452 σοι
996 3383 1016 3476 ἡ
1042 3388 1190 3470 βασιλεία
1214 3403 1286 3473 μου,
1311 3384 1354 3460 όνς
1378 3383 1418 3450 ἀν
1442 3389 1536 3472 τηρῆ-

272 3530 332 3594 σης
361 3505 499 3594 ἀκριβῶς
526 3512 582 3576 καί
605 3513 644 3574 τὰ
666 3508 737 3595 περὶ
764 3511 885 3588 τούτου,
913 3514 968 3574 καί
987 3507 1053 3576 1έοίν
1082 3507 1186 3598 εύρης,
1215 3507 1263 3575 ότι
1290 3511 1477 3600 προτδίδουν
1507 3507 1535 3575 οἱ

271 3635 409 3718 μοναχοί
432 3627 508 3717 ύπίρ
532 3641 588 3718 τῆς
611 3633 760 3718 τοιαύτης
790 3641 890 3721 νομῆς
912 3635 990 3718 πρός
1013 3637 1066 3698 τόν
1089 3633 1280 3720 δηλωθέντα
1303 3636 1460 3719 πενθερόν
1483 3641 1534 3700 τοῦ

269 3753 482 3847 Βραναςιίτα
505 3759 562 3820 καί
583 3757 664 3840 πρός
687 3750 793 3832 αότόν,
826 3753 940 3842 ἀρτίως
968 3756 1003 3820 δὲ
1027 3752 1065 3822 οό
1087 3759 1266 3838 πείθονται,
1296 3761 1381 3824 κατὰ
1404 3759 1461 3843 τῆν
1484 3752 1534 3822 αύ-

207 3919 213 3928 -
271 3888 330 3942 τῶν
358 3879 533 3966 σονῆδειαν
561 3878 684 3944 διδόναι
712 3881 747 3944 τό
783 3877 903 3966 ἀνῆκον
938 3875 1061 3961 αύτοῖς,
1096 3879 1313 3969 οίκονομῆσης
1348 3879 1534 3948 ἀποδιδόναι

272 3997 367 4076 αύδις
392 4002 464 4074 τούς
492 4004 655 4090 μοναχούς
677 4005 714 4070 τὸ
750 4007 939 4090 τεταγμένον
967 4001 1083 4077 αὐτοῖς.
1111 4003 1139 4070 εί
1167 4006 1202 4070 δὲ
1232 4017 1317 4094 ρανῆ
1345 4009 1426 4092 μετὰ
1455 4003 1533 4090 ἀλη·

271 4127 353 4197 δούς
384 4122 567 4205 ἀξττσίσεως,
599 4123 647 4194 ότι
674 4123 825 4192 ούδίττοτε
853 4127 941 4216 εἶχον
969 4133 1141 4216 συνῆδιιαν
1169 4127 1199 4195 οἱ
1225 4137 1361 4195 τοιοῦτοι
1387 4131 1533 4216 μοναχοί,

270 4245 323 4312 ἵνα
339 4249 451 4316 διδῶσί
474 4272 503 4314 τι
525 4249 634 4316 ἕνεκεν
657 4259 715 4338 τῆς
730 4259 829 4337 νομῆς
852 4261 907 4319 τού
931 4248 1034 4336 όρσυς,
1051 4253 1263 4340 δεφενδιύσης
1285 4251 1342 4318 καί
1365 4251 1416 4320 όπί
1437 4255 1533 4336 τούτῳ

273 4368 398 4450 αύτούς,
421 4371 474 4438 ἵνα
490 4375 664 4459 διαμένωσι
687 4376 723 4438 τό
747 4373 810 4440 ἀπό
826 4373 919 4440 τυδδι
943 4371 1151 4462 ἀνενόχλητοι
1175 4377 1209 4452 ἐξ
1235 4371 1343 4455 αὐτοῦ,
1367 4376 1534 4462 οἰκονομή-

274 4517 335 4582 σης
352 4494 598 4585 ἀναστραφῆναι
616 4501 703 4584 παρὰ
726 4499 836 4564 τούτου
851 4499 928 4584 πρός
954 4495 1068 4571 αύτούς
1084 4503 1141 4568 καί
1163 4505 1202 4567 τὰ
1224 4503 1368 4588 πρόβατα
1382 4505 1440 4568 καί
1456 4499 1531 4566 ἄλλο
