<?xml version="1.0" encoding="UTF-8"?>
<!DOCTYPE html PUBLIC "-//W3C//DTD XHTML 1.0 Transitional//EN"
    "http://www.w3.org/TR/xhtml1/DTD/xhtml1-transitional.dtd">
<html xmlns="http://www.w3.org/1999/xhtml" xml:lang="en" lang="en">
 <head>
  <title>
</title>
<meta http-equiv="Content-Type" content="text/html;charset=utf-8" />
  <meta name='ocr-system' content='tesseract 3.04.00' />
  <meta name='ocr-capabilities' content='ocr_page ocr_carea ocr_par ocr_line ocrx_word'/>
</head>
<body>
  <div class='ocr_page' id='page_1' title='image "./actaetdiplomata04miklgoog_0317.png"; bbox 0 0 3140 5306; ppageno 0'>
   <div class='ocr_carea' id='block_1_1' title="bbox 0 0 9 1162">
    <p class='ocr_par' dir='ltr' id='par_1_1' title="bbox 0 0 9 1162">
     <span class='ocr_line' id='line_1_1' title="bbox 0 0 9 1162; baseline 0 0"><span class='ocrx_word' id='word_1_1' title='bbox 0 0 9 1162; x_wconf 95' lang='lat' dir='ltr'><strong> </strong></span> 
     </span>
    </p>
   </div>
   <div class='ocr_carea' id='block_1_2' title="bbox 214 285 347 359">
    <p class='ocr_par' dir='ltr' id='par_1_2' title="bbox 214 285 347 359">
     <span class='ocr_line' id='line_1_2' title="bbox 214 285 347 359; baseline 0 -11"><span class='ocrx_word' id='word_1_2' title='bbox 214 347 216 359; x_wconf 68' lang='grc'><strong>,</strong></span> <span class='ocrx_word' id='word_1_3' title='bbox 283 285 347 348; x_wconf 82' lang='grc'><strong>236</strong></span> 
     </span>
    </p>
   </div>
   <div class='ocr_carea' id='block_1_3' title="bbox 274 473 1544 1671">
    <p class='ocr_par' dir='ltr' id='par_1_3' title="bbox 274 473 1544 1671">
     <span class='ocr_line' id='line_1_3' title="bbox 282 473 1544 568; baseline 0.002 -29"><span class='ocrx_word' id='word_1_4' title='bbox 282 495 383 562; x_wconf 83' lang='grc' dir='ltr'><strong>ραχος</strong></span> <span class='ocrx_word' id='word_1_5' title='bbox 410 477 521 540; x_wconf 86' lang='grc' dir='ltr'><strong>τούτου</strong></span> <span class='ocrx_word' id='word_1_6' title='bbox 547 474 665 542; x_wconf 74' lang='grc' dir='ltr'><strong>ἕντκτν·</strong></span> <span class='ocrx_word' id='word_1_7' title='bbox 695 473 712 541; x_wconf 86' lang='grc' dir='ltr'>ὁ</span> <span class='ocrx_word' id='word_1_8' title='bbox 739 477 775 542; x_wconf 75' lang='grc' dir='ltr'><strong>δὲ</strong></span> <span class='ocrx_word' id='word_1_9' title='bbox 803 476 974 563; x_wconf 76' lang='grc' dir='ltr'><strong>βουληθείς</strong></span> <span class='ocrx_word' id='word_1_10' title='bbox 1001 475 1115 556; x_wconf 69' lang='grc' dir='ltr'><strong>ἐπάξαι</strong></span> <span class='ocrx_word' id='word_1_11' title='bbox 1143 488 1287 568; x_wconf 75' lang='grc' dir='ltr'><strong>πημονὴ</strong></span> <span class='ocrx_word' id='word_1_12' title='bbox 1316 475 1451 566; x_wconf 80' lang='grc' dir='ltr'><strong>ὄχλησίν</strong></span> <span class='ocrx_word' id='word_1_13' title='bbox 1476 499 1544 542; x_wconf 84' lang='grc' dir='ltr'><strong>τινα</strong></span> 
     </span>
     <span class='ocr_line' id='line_1_4' title="bbox 280 597 1544 688; baseline 0.001 -26"><span class='ocrx_word' id='word_1_14' title='bbox 280 597 379 662; x_wconf 69' lang='grc' dir='ltr'><strong>ἕνεκα</strong></span> <span class='ocrx_word' id='word_1_15' title='bbox 406 607 460 663; x_wconf 89' lang='grc' dir='ltr'><strong>τού</strong></span> <span class='ocrx_word' id='word_1_16' title='bbox 494 601 636 664; x_wconf 89' lang='grc' dir='ltr'><strong>τοιούτου</strong></span> <span class='ocrx_word' id='word_1_17' title='bbox 665 605 842 688; x_wconf 82' lang='grc' dir='ltr'><strong>χιοραφίου,</strong></span> <span class='ocrx_word' id='word_1_18' title='bbox 870 598 926 665; x_wconf 85' lang='grc' dir='ltr'><strong>καὶ</strong></span> <span class='ocrx_word' id='word_1_19' title='bbox 959 597 1115 688; x_wconf 70' lang='grc' dir='ltr'><strong>ίπαρίημι</strong></span> <span class='ocrx_word' id='word_1_20' title='bbox 1143 603 1264 673; x_wconf 87' lang='grc' dir='ltr'><strong>τούτοις</strong></span> <span class='ocrx_word' id='word_1_21' title='bbox 1291 603 1348 674; x_wconf 85' lang='grc' dir='ltr'><strong>τὰς</strong></span> <span class='ocrx_word' id='word_1_22' title='bbox 1376 599 1457 686; x_wconf 81' lang='grc' dir='ltr'><strong>ἀρὰς</strong></span> <span class='ocrx_word' id='word_1_23' title='bbox 1485 613 1544 664; x_wconf 83' lang='grc' dir='ltr'><strong>τῶν</strong></span> 
     </span>
     <span class='ocr_line' id='line_1_5' title="bbox 280 720 1541 811; baseline 0.003 -27"><span class='ocrx_word' id='word_1_24' title='bbox 280 727 469 807; x_wconf 74' lang='grc' dir='ltr'><strong>τριακοσίων</strong></span> <span class='ocrx_word' id='word_1_25' title='bbox 487 725 653 786; x_wconf 81' lang='grc' dir='ltr'><strong>δοκαυκτιλ</strong></span> <span class='ocrx_word' id='word_1_26' title='bbox 676 727 841 811; x_wconf 74' lang='grc' dir='ltr'><strong>διαφόρων</strong></span> <span class='ocrx_word' id='word_1_27' title='bbox 864 729 1016 809; x_wconf 66' lang='grc' dir='ltr'><strong>πατέρων,</strong></span> <span class='ocrx_word' id='word_1_28' title='bbox 1032 727 1088 788; x_wconf 88' lang='grc' dir='ltr'><strong>καὶ</strong></span> <span class='ocrx_word' id='word_1_29' title='bbox 1111 721 1239 810; x_wconf 81' lang='grc' dir='ltr'><strong>ἡμερὶς</strong></span> <span class='ocrx_word' id='word_1_30' title='bbox 1263 720 1359 788; x_wconf 85' lang='grc' dir='ltr'><strong>αύτού</strong></span> <span class='ocrx_word' id='word_1_31' title='bbox 1383 728 1466 808; x_wconf 81' lang='grc' dir='ltr'><strong>μετὰ</strong></span> <span class='ocrx_word' id='word_1_32' title='bbox 1490 733 1541 788; x_wconf 89' lang='grc' dir='ltr'><strong>τού</strong></span> 
     </span>
     <span class='ocr_line' id='line_1_6' title="bbox 280 843 1542 932; baseline -0.003 -20"><span class='ocrx_word' id='word_1_33' title='bbox 280 843 398 912; x_wconf 80' lang='grc' dir='ltr'><strong>ἀθλίου</strong></span> <span class='ocrx_word' id='word_1_34' title='bbox 431 849 488 910; x_wconf 90' lang='grc' dir='ltr'><strong>καί</strong></span> <span class='ocrx_word' id='word_1_35' title='bbox 513 845 668 930; x_wconf 75' lang='grc' dir='ltr'><strong>προδότου</strong></span> <span class='ocrx_word' id='word_1_36' title='bbox 701 843 804 910; x_wconf 90' lang='grc' dir='ltr'><strong>Ἰούδα</strong></span> <span class='ocrx_word' id='word_1_37' title='bbox 838 849 895 912; x_wconf 90' lang='grc' dir='ltr'><strong>καί</strong></span> <span class='ocrx_word' id='word_1_38' title='bbox 929 849 1008 932; x_wconf 77' lang='grc' dir='ltr'><strong>μετὰ</strong></span> <span class='ocrx_word' id='word_1_39' title='bbox 1042 856 1101 910; x_wconf 80' lang='grc' dir='ltr'><strong>τῶν</strong></span> <span class='ocrx_word' id='word_1_40' title='bbox 1129 847 1295 926; x_wconf 82' lang='grc' dir='ltr'><strong>λεγόντων·</strong></span> <span class='ocrx_word' id='word_1_41' title='bbox 1330 844 1416 932; x_wconf 80' lang='grc' dir='ltr'><strong>ἆρον,</strong></span> <span class='ocrx_word' id='word_1_42' title='bbox 1454 844 1542 930; x_wconf 78' lang='grc' dir='ltr'><strong>ἆρον,</strong></span> 
     </span>
     <span class='ocr_line' id='line_1_7' title="bbox 278 966 1542 1056; baseline -0.002 -22"><span class='ocrx_word' id='word_1_43' title='bbox 278 971 459 1055; x_wconf 81' lang='grc' dir='ltr'><strong>σταύρωσον</strong></span> <span class='ocrx_word' id='word_1_44' title='bbox 487 970 540 1032; x_wconf 89' lang='grc' dir='ltr'><strong>τύν</strong></span> <span class='ocrx_word' id='word_1_45' title='bbox 567 977 622 1034; x_wconf 91' lang='grc' dir='ltr'><strong>τού</strong></span> <span class='ocrx_word' id='word_1_46' title='bbox 650 970 730 1034; x_wconf 79' lang='grc' dir='ltr'><strong>θεοῦ</strong></span> <span class='ocrx_word' id='word_1_47' title='bbox 765 967 841 1048; x_wconf 82' lang='grc' dir='ltr'><strong>υἱύν,</strong></span> <span class='ocrx_word' id='word_1_48' title='bbox 877 966 962 1034; x_wconf 79' lang='grc' dir='ltr'><strong>ἀλλὰ</strong></span> <span class='ocrx_word' id='word_1_49' title='bbox 989 969 1028 1055; x_wconf 91' lang='grc' dir='ltr'><strong>δὴ</strong></span> <span class='ocrx_word' id='word_1_50' title='bbox 1063 973 1120 1034; x_wconf 85' lang='grc' dir='ltr'><strong>καί</strong></span> <span class='ocrx_word' id='word_1_51' title='bbox 1153 971 1208 1056; x_wconf 88' lang='grc' dir='ltr'><strong>τὴν</strong></span> <span class='ocrx_word' id='word_1_52' title='bbox 1242 971 1542 1056; x_wconf 81' lang='grc' dir='ltr'><strong>πανυπερσεβοίστου</strong></span> 
     </span>
     <span class='ocr_line' id='line_1_8' title="bbox 277 1087 1541 1180; baseline -0.001 -23"><span class='ocrx_word' id='word_1_53' title='bbox 277 1095 421 1178; x_wconf 76' lang='grc' dir='ltr'><strong>κατάραν</strong></span> <span class='ocrx_word' id='word_1_54' title='bbox 443 1097 500 1156; x_wconf 85' lang='grc' dir='ltr'><strong>καί</strong></span> <span class='ocrx_word' id='word_1_55' title='bbox 527 1093 581 1178; x_wconf 86' lang='grc' dir='ltr'><strong>τὴν</strong></span> <span class='ocrx_word' id='word_1_56' title='bbox 604 1087 770 1179; x_wconf 80' lang='grc' dir='ltr'><strong>ὴμττίραν,</strong></span> <span class='ocrx_word' id='word_1_57' title='bbox 793 1090 858 1168; x_wconf 73' lang='grc' dir='ltr'><strong>ύξτι</strong></span> <span class='ocrx_word' id='word_1_58' title='bbox 880 1093 917 1156; x_wconf 79' lang='grc' dir='ltr'><strong>δὲ</strong></span> <span class='ocrx_word' id='word_1_59' title='bbox 939 1096 995 1156; x_wconf 83' lang='grc' dir='ltr'><strong>καί</strong></span> <span class='ocrx_word' id='word_1_60' title='bbox 1018 1093 1073 1180; x_wconf 89' lang='grc' dir='ltr'><strong>τὴν</strong></span> <span class='ocrx_word' id='word_1_61' title='bbox 1101 1091 1273 1178; x_wconf 82' lang='grc' dir='ltr'><strong>ύπτραγίαν</strong></span> <span class='ocrx_word' id='word_1_62' title='bbox 1297 1115 1357 1180; x_wconf 87' lang='grc' dir='ltr'><strong>μου</strong></span> <span class='ocrx_word' id='word_1_63' title='bbox 1380 1095 1541 1158; x_wconf 74' lang='grc' dir='ltr'><strong>δεοτύκον</strong></span> 
     </span>
     <span class='ocr_line' id='line_1_9' title="bbox 275 1213 1538 1306; baseline -0.001 -24"><span class='ocrx_word' id='word_1_64' title='bbox 275 1221 332 1282; x_wconf 89' lang='grc' dir='ltr'><strong>καί</strong></span> <span class='ocrx_word' id='word_1_65' title='bbox 361 1219 414 1282; x_wconf 86' lang='grc' dir='ltr'><strong>τύν</strong></span> <span class='ocrx_word' id='word_1_66' title='bbox 443 1213 697 1302; x_wconf 75' lang='grc' dir='ltr'><strong>ἀρχιστράτηγον</strong></span> <span class='ocrx_word' id='word_1_67' title='bbox 721 1225 781 1280; x_wconf 80' lang='grc' dir='ltr'><strong>τῶν</strong></span> <span class='ocrx_word' id='word_1_68' title='bbox 804 1213 869 1280; x_wconf 81' lang='grc' dir='ltr'><strong>ἄνω</strong></span> <span class='ocrx_word' id='word_1_69' title='bbox 892 1216 1054 1301; x_wconf 76' lang='grc' dir='ltr'><strong>δυνάμεων</strong></span> <span class='ocrx_word' id='word_1_70' title='bbox 1084 1213 1217 1306; x_wconf 79' lang='grc' dir='ltr'><strong>Μιχαὴλ</strong></span> <span class='ocrx_word' id='word_1_71' title='bbox 1241 1215 1419 1292; x_wconf 73' lang='grc' dir='ltr'><strong>ἀντιδίκους</strong></span> <span class='ocrx_word' id='word_1_72' title='bbox 1444 1215 1478 1281; x_wconf 76' lang='grc' dir='ltr'><strong>ἐν</strong></span> <span class='ocrx_word' id='word_1_73' title='bbox 1502 1230 1538 1304; x_wconf 82' lang='grc' dir='ltr'><strong>τὴ</strong></span> 
     </span>
     <span class='ocr_line' id='line_1_10' title="bbox 274 1335 1539 1428; baseline 0.003 -26"><span class='ocrx_word' id='word_1_74' title='bbox 274 1336 381 1426; x_wconf 68' lang='grc' dir='ltr'><strong>ἡμέρη</strong></span> <span class='ocrx_word' id='word_1_75' title='bbox 409 1347 464 1426; x_wconf 84' lang='grc' dir='ltr'><strong>τὴς</strong></span> <span class='ocrx_word' id='word_1_76' title='bbox 490 1343 633 1424; x_wconf 84' lang='grc' dir='ltr'><strong>κρίσεως.</strong></span> <span class='ocrx_word' id='word_1_77' title='bbox 664 1335 713 1402; x_wconf 79' lang='grc' dir='ltr'><strong>ἐπί</strong></span> <span class='ocrx_word' id='word_1_78' title='bbox 739 1341 839 1424; x_wconf 81' lang='grc' dir='ltr'><strong>τούτῳ</strong></span> <span class='ocrx_word' id='word_1_79' title='bbox 867 1343 928 1426; x_wconf 85' lang='grc' dir='ltr'><strong>γὰρ</strong></span> <span class='ocrx_word' id='word_1_80' title='bbox 957 1337 1096 1419; x_wconf 75' lang='grc' dir='ltr'><strong>ἐγεγόνει</strong></span> <span class='ocrx_word' id='word_1_81' title='bbox 1123 1344 1179 1406; x_wconf 88' lang='grc' dir='ltr'><strong>καί</strong></span> <span class='ocrx_word' id='word_1_82' title='bbox 1201 1341 1235 1404; x_wconf 86' lang='grc' dir='ltr'><strong>τύ</strong></span> <span class='ocrx_word' id='word_1_83' title='bbox 1262 1343 1360 1427; x_wconf 83' lang='grc' dir='ltr'><strong>παρὸν</strong></span> <span class='ocrx_word' id='word_1_84' title='bbox 1383 1337 1539 1428; x_wconf 81' lang='grc' dir='ltr'><strong>ἡμέτερον</strong></span> 
     </span>
     <span class='ocr_line' id='line_1_11' title="bbox 277 1459 1310 1550; baseline 0.004 -26"><span class='ocrx_word' id='word_1_85' title='bbox 277 1465 420 1548; x_wconf 78' lang='grc' dir='ltr'><strong>γράμμα,</strong></span> <span class='ocrx_word' id='word_1_86' title='bbox 444 1464 501 1527; x_wconf 87' lang='grc' dir='ltr'><strong>καί</strong></span> <span class='ocrx_word' id='word_1_87' title='bbox 524 1459 667 1547; x_wconf 69' lang='grc' dir='ltr'><strong>ἐπεδόθη</strong></span> <span class='ocrx_word' id='word_1_88' title='bbox 691 1471 730 1548; x_wconf 82' lang='grc' dir='ltr'><strong>τὴ</strong></span> <span class='ocrx_word' id='word_1_89' title='bbox 753 1463 883 1548; x_wconf 84' lang='grc' dir='ltr'><strong>τοιαύτη</strong></span> <span class='ocrx_word' id='word_1_90' title='bbox 907 1474 988 1550; x_wconf 81' lang='grc' dir='ltr'><strong>μονὴ</strong></span> <span class='ocrx_word' id='word_1_91' title='bbox 1013 1461 1058 1538; x_wconf 77' lang='grc' dir='ltr'><strong>εἰς</strong></span> <span class='ocrx_word' id='word_1_92' title='bbox 1083 1459 1259 1550; x_wconf 79' lang='grc' dir='ltr'><strong>ἀσφοίλτιοιν</strong></span> <span class='ocrx_word' id='word_1_93' title='bbox 1281 1468 1310 1545; x_wconf 90' lang='lat'><strong>†.</strong></span> 
     </span>
     <span class='ocr_line' id='line_1_12' title="bbox 364 1581 867 1671; baseline 0.002 -23"><span class='ocrx_word' id='word_1_94' title='bbox 364 1581 607 1664; x_wconf 75' lang='grc' dir='ltr'><strong>ὴΕύγενία</strong></span> <span class='ocrx_word' id='word_1_95' title='bbox 632 1587 813 1671; x_wconf 86' lang='grc' dir='ltr'><strong>μοναχὴ</strong></span> <span class='ocrx_word' id='word_1_96' title='bbox 837 1588 867 1664; x_wconf 89' lang='lat'><strong>†.</strong></span> 
     </span>
    </p>
   </div>
   <div class='ocr_carea' id='block_1_4' title="bbox 791 1899 982 1916">
    <p class='ocr_par' dir='ltr' id='par_1_4' title="bbox 791 1899 982 1916">
     <span class='ocr_line' id='line_1_13' title="bbox 791 1899 982 1916; baseline -0.005 0"><span class='ocrx_word' id='word_1_97' title='bbox 791 1899 982 1916; x_wconf 53' lang='lat' dir='ltr'><strong>&#39;mmmmm&#39;</strong></span> 
     </span>
    </p>
   </div>
   <div class='ocr_carea' id='block_1_5' title="bbox 259 2145 1535 4086">
    <p class='ocr_par' dir='ltr' id='par_1_5' title="bbox 268 2145 1535 2610">
     <span class='ocr_line' id='line_1_14' title="bbox 358 2145 1534 2237; baseline -0.003 -21"><span class='ocrx_word' id='word_1_98' title='bbox 358 2151 395 2216; x_wconf 86' lang='lat' dir='ltr'><strong>V.</strong></span> <span class='ocrx_word' id='word_1_99' title='bbox 420 2147 647 2237; x_wconf 75' lang='grc' dir='ltr'><strong>ὴἝττρον</strong></span> <span class='ocrx_word' id='word_1_100' title='bbox 671 2154 959 2237; x_wconf 80' lang='grc' dir='ltr'><strong>γραμματὴς</strong></span> <span class='ocrx_word' id='word_1_101' title='bbox 984 2145 1436 2236; x_wconf 86' lang='grc' dir='ltr'><strong>αύτὴςχαριστικύν</strong></span> <span class='ocrx_word' id='word_1_102' title='bbox 1461 2153 1534 2236; x_wconf 86' lang='grc' dir='ltr'><strong>χοί-</strong></span> 
     </span>
     <span class='ocr_line' id='line_1_15' title="bbox 269 2251 1535 2361; baseline 0 -23"><span class='ocrx_word' id='word_1_103' title='bbox 269 2295 339 2360; x_wconf 86' lang='grc' dir='ltr'><strong>ρτν</strong></span> <span class='ocrx_word' id='word_1_104' title='bbox 367 2283 443 2338; x_wconf 89' lang='grc' dir='ltr'><strong>τού</strong></span> <span class='ocrx_word' id='word_1_105' title='bbox 472 2273 538 2349; x_wconf 80' lang='grc' dir='ltr'><strong>τίς</strong></span> <span class='ocrx_word' id='word_1_106' title='bbox 566 2277 643 2361; x_wconf 91' lang='grc' dir='ltr'><strong>τὴν</strong></span> <span class='ocrx_word' id='word_1_107' title='bbox 677 2251 829 2361; x_wconf 85' lang='grc' dir='ltr'><strong>Βοίρην</strong></span> <span class='ocrx_word' id='word_1_108' title='bbox 862 2278 1266 2361; x_wconf 71' lang='grc' dir='ltr'><strong>προσκαθημένου</strong></span> <span class='ocrx_word' id='word_1_109' title='bbox 1300 2281 1535 2360; x_wconf 90' lang='grc' dir='ltr'><strong>παροίκου</strong></span> 
     </span>
     <span class='ocr_line' id='line_1_16' title="bbox 269 2392 1534 2486; baseline 0.001 -25"><span class='ocrx_word' id='word_1_110' title='bbox 269 2392 411 2486; x_wconf 87' lang='grc' dir='ltr'><strong>αύτὴς</strong></span> <span class='ocrx_word' id='word_1_111' title='bbox 438 2395 626 2484; x_wconf 80' lang='grc' dir='ltr'><strong>Μιχαὴλ</strong></span> <span class='ocrx_word' id='word_1_112' title='bbox 654 2405 730 2462; x_wconf 88' lang='grc' dir='ltr'><strong>τού</strong></span> <span class='ocrx_word' id='word_1_113' title='bbox 758 2396 1153 2484; x_wconf 89' lang='grc' dir='ltr'><strong>Μουρμουντηνού</strong></span> <span class='ocrx_word' id='word_1_114' title='bbox 1178 2401 1291 2483; x_wconf 78' lang='grc' dir='ltr'><strong>μετὰ</strong></span> <span class='ocrx_word' id='word_1_115' title='bbox 1318 2408 1400 2463; x_wconf 85' lang='grc' dir='ltr'><strong>τῶν</strong></span> <span class='ocrx_word' id='word_1_116' title='bbox 1429 2421 1534 2484; x_wconf 88' lang='grc' dir='ltr'><strong>παρ-</strong></span> 
     </span>
     <span class='ocr_line' id='line_1_17' title="bbox 268 2515 916 2610; baseline 0 -24"><span class='ocrx_word' id='word_1_117' title='bbox 268 2531 465 2586; x_wconf 82' lang='grc' dir='ltr'><strong>οικικύν</strong></span> <span class='ocrx_word' id='word_1_118' title='bbox 495 2515 634 2610; x_wconf 85' lang='grc' dir='ltr'><strong>αύτὴς</strong></span> <span class='ocrx_word' id='word_1_119' title='bbox 661 2521 858 2586; x_wconf 86' lang='grc' dir='ltr'><strong>δικαίων</strong></span> <span class='ocrx_word' id='word_1_120' title='bbox 886 2525 916 2602; x_wconf 91' lang='lat'><strong>†.</strong></span> 
     </span>
    </p>

    <p class='ocr_par' dir='ltr' id='par_1_6' title="bbox 259 2641 1534 3963">
     <span class='ocr_line' id='line_1_18' title="bbox 355 2641 1534 2734; baseline -0.002 -24"><span class='ocrx_word' id='word_1_121' title='bbox 355 2648 375 2725; x_wconf 89' lang='lat'>†</span> <span class='ocrx_word' id='word_1_122' title='bbox 398 2643 571 2734; x_wconf 82' lang='grc' dir='ltr'><strong>Ἐκδίδυμι</strong></span> <span class='ocrx_word' id='word_1_123' title='bbox 593 2647 669 2732; x_wconf 81' lang='grc' dir='ltr'><strong>πρὸς</strong></span> <span class='ocrx_word' id='word_1_124' title='bbox 692 2646 747 2732; x_wconf 88' lang='grc' dir='ltr'><strong>τὴν</strong></span> <span class='ocrx_word' id='word_1_125' title='bbox 772 2647 948 2731; x_wconf 78' lang='grc' dir='ltr'><strong>σεβασμίαν</strong></span> <span class='ocrx_word' id='word_1_126' title='bbox 964 2649 1021 2710; x_wconf 86' lang='grc' dir='ltr'><strong>καί</strong></span> <span class='ocrx_word' id='word_1_127' title='bbox 1044 2641 1138 2724; x_wconf 82' lang='grc' dir='ltr'><strong>ἁγίαν</strong></span> <span class='ocrx_word' id='word_1_128' title='bbox 1163 2643 1330 2730; x_wconf 87' lang='grc' dir='ltr'><strong>βασιλικὴν</strong></span> <span class='ocrx_word' id='word_1_129' title='bbox 1354 2646 1457 2732; x_wconf 91' lang='grc' dir='ltr'><strong>μονὴν</strong></span> <span class='ocrx_word' id='word_1_130' title='bbox 1481 2655 1534 2730; x_wconf 86' lang='grc' dir='ltr'><strong>τὴς</strong></span> 
     </span>
     <span class='ocr_line' id='line_1_19' title="bbox 266 2765 1529 2856; baseline -0.002 -22"><span class='ocrx_word' id='word_1_131' title='bbox 266 2765 441 2854; x_wconf 82' lang='grc' dir='ltr'><strong>ύπτριίγνου</strong></span> <span class='ocrx_word' id='word_1_132' title='bbox 464 2787 525 2855; x_wconf 87' lang='grc' dir='ltr'><strong>μου</strong></span> <span class='ocrx_word' id='word_1_133' title='bbox 548 2771 748 2856; x_wconf 76' lang='grc' dir='ltr'><strong>θευμὴτορος</strong></span> <span class='ocrx_word' id='word_1_134' title='bbox 771 2779 827 2856; x_wconf 84' lang='grc' dir='ltr'><strong>τὴς</strong></span> <span class='ocrx_word' id='word_1_135' title='bbox 853 2767 1097 2854; x_wconf 80' lang='grc' dir='ltr'><strong>Λεμβιιυτίσοης</strong></span> <span class='ocrx_word' id='word_1_136' title='bbox 1125 2769 1178 2833; x_wconf 87' lang='grc' dir='ltr'><strong>τύν</strong></span> <span class='ocrx_word' id='word_1_137' title='bbox 1205 2771 1358 2853; x_wconf 87' lang='grc' dir='ltr'><strong>ποίροικύν</strong></span> <span class='ocrx_word' id='word_1_138' title='bbox 1387 2789 1451 2852; x_wconf 87' lang='grc' dir='ltr'><strong>μου</strong></span> <span class='ocrx_word' id='word_1_139' title='bbox 1479 2772 1529 2832; x_wconf 89' lang='grc' dir='ltr'><strong>τύν</strong></span> 
     </span>
     <span class='ocr_line' id='line_1_20' title="bbox 264 2889 1529 2979; baseline -0.003 -21"><span class='ocrx_word' id='word_1_140' title='bbox 264 2897 321 2958; x_wconf 84' lang='grc' dir='ltr'><strong>καί</strong></span> <span class='ocrx_word' id='word_1_141' title='bbox 347 2895 615 2979; x_wconf 77' lang='grc' dir='ltr'><strong>πρυσκαδὴμενον</strong></span> <span class='ocrx_word' id='word_1_142' title='bbox 643 2890 688 2965; x_wconf 77' lang='grc' dir='ltr'><strong>εἰς</strong></span> <span class='ocrx_word' id='word_1_143' title='bbox 715 2893 769 2978; x_wconf 89' lang='grc' dir='ltr'><strong>τὴν</strong></span> <span class='ocrx_word' id='word_1_144' title='bbox 792 2889 911 2978; x_wconf 82' lang='grc' dir='ltr'><strong>Βάρην,</strong></span> <span class='ocrx_word' id='word_1_145' title='bbox 935 2889 1068 2978; x_wconf 77' lang='grc' dir='ltr'><strong>Μιχαὴλ</strong></span> <span class='ocrx_word' id='word_1_146' title='bbox 1096 2889 1423 2977; x_wconf 79' lang='grc' dir='ltr'><strong>τύνΜουρμαντηνύν,</strong></span> <span class='ocrx_word' id='word_1_147' title='bbox 1450 2896 1529 2977; x_wconf 81' lang='grc' dir='ltr'><strong>μετὰ</strong></span> 
     </span>
     <span class='ocr_line' id='line_1_21' title="bbox 263 3011 1528 3102; baseline -0.004 -20"><span class='ocrx_word' id='word_1_148' title='bbox 263 3019 386 3082; x_wconf 80' lang='grc' dir='ltr'><strong>πάντων</strong></span> <span class='ocrx_word' id='word_1_149' title='bbox 410 3026 469 3080; x_wconf 84' lang='grc' dir='ltr'><strong>τῶν</strong></span> <span class='ocrx_word' id='word_1_150' title='bbox 493 3017 547 3081; x_wconf 87' lang='grc' dir='ltr'><strong>διὰ</strong></span> <span class='ocrx_word' id='word_1_151' title='bbox 569 3025 746 3102; x_wconf 83' lang='grc' dir='ltr'><strong>πρακτικοῦ</strong></span> <span class='ocrx_word' id='word_1_152' title='bbox 771 3037 830 3101; x_wconf 84' lang='grc' dir='ltr'><strong>μου</strong></span> <span class='ocrx_word' id='word_1_153' title='bbox 855 3015 1002 3093; x_wconf 87' lang='grc' dir='ltr'><strong>δικαίων,</strong></span> <span class='ocrx_word' id='word_1_154' title='bbox 1026 3011 1068 3080; x_wconf 86' lang='grc' dir='ltr'><strong>ιύν</strong></span> <span class='ocrx_word' id='word_1_155' title='bbox 1093 3015 1159 3101; x_wconf 76' lang='grc' dir='ltr'><strong>ἔχω</strong></span> <span class='ocrx_word' id='word_1_156' title='bbox 1184 3013 1245 3080; x_wconf 85' lang='grc' dir='ltr'><strong>ἆπύ</strong></span> <span class='ocrx_word' id='word_1_157' title='bbox 1269 3024 1325 3100; x_wconf 86' lang='grc' dir='ltr'><strong>τὴς</strong></span> <span class='ocrx_word' id='word_1_158' title='bbox 1349 3011 1528 3100; x_wconf 72' lang='grc' dir='ltr'><strong>ἐλτημοσύ·</strong></span> 
     </span>
     <span class='ocr_line' id='line_1_22' title="bbox 264 3132 1527 3228; baseline 0 -26"><span class='ocrx_word' id='word_1_159' title='bbox 264 3161 322 3228; x_wconf 88' lang='grc' dir='ltr'><strong>νης</strong></span> <span class='ocrx_word' id='word_1_160' title='bbox 350 3149 408 3204; x_wconf 82' lang='grc' dir='ltr'><strong>τῶν</strong></span> <span class='ocrx_word' id='word_1_161' title='bbox 429 3149 588 3224; x_wconf 81' lang='grc' dir='ltr'><strong>κραταιῶν</strong></span> <span class='ocrx_word' id='word_1_162' title='bbox 615 3143 671 3204; x_wconf 87' lang='grc' dir='ltr'><strong>καί</strong></span> <span class='ocrx_word' id='word_1_163' title='bbox 698 3135 795 3218; x_wconf 80' lang='grc' dir='ltr'><strong>ἁγίων</strong></span> <span class='ocrx_word' id='word_1_164' title='bbox 817 3132 906 3224; x_wconf 81' lang='grc' dir='ltr'><strong>ἡμῶν</strong></span> <span class='ocrx_word' id='word_1_165' title='bbox 931 3133 1093 3204; x_wconf 80' lang='grc' dir='ltr'><strong>αύθεντιῖιν</strong></span> <span class='ocrx_word' id='word_1_166' title='bbox 1116 3141 1171 3202; x_wconf 82' lang='grc' dir='ltr'><strong>καί</strong></span> <span class='ocrx_word' id='word_1_167' title='bbox 1194 3139 1360 3222; x_wconf 75' lang='grc' dir='ltr'><strong>βασιλέων,</strong></span> <span class='ocrx_word' id='word_1_168' title='bbox 1385 3141 1527 3225; x_wconf 78' lang='grc' dir='ltr'><strong>ψυχικὴς</strong></span> 
     </span>
     <span class='ocr_line' id='line_1_23' title="bbox 263 3256 1524 3350; baseline -0.002 -24"><span class='ocrx_word' id='word_1_169' title='bbox 263 3260 361 3326; x_wconf 66' lang='grc' dir='ltr'><strong>ἕνεκα</strong></span> <span class='ocrx_word' id='word_1_170' title='bbox 388 3267 545 3350; x_wconf 82' lang='grc' dir='ltr'><strong>σωτηρίας</strong></span> <span class='ocrx_word' id='word_1_171' title='bbox 571 3263 686 3328; x_wconf 87' lang='grc' dir='ltr'><strong>τούτων</strong></span> <span class='ocrx_word' id='word_1_172' title='bbox 714 3263 769 3326; x_wconf 90' lang='grc' dir='ltr'><strong>καί</strong></span> <span class='ocrx_word' id='word_1_173' title='bbox 791 3256 961 3348; x_wconf 76' lang='grc' dir='ltr'><strong>ἡμετέρας,</strong></span> <span class='ocrx_word' id='word_1_174' title='bbox 986 3259 1021 3324; x_wconf 83' lang='grc' dir='ltr'><strong>δν</strong></span> <span class='ocrx_word' id='word_1_175' title='bbox 1044 3265 1099 3326; x_wconf 87' lang='grc' dir='ltr'><strong>καί</strong></span> <span class='ocrx_word' id='word_1_176' title='bbox 1123 3259 1275 3346; x_wconf 77' lang='grc' dir='ltr'><strong>ἐκδίδυμι</strong></span> <span class='ocrx_word' id='word_1_177' title='bbox 1298 3263 1376 3346; x_wconf 74' lang='grc' dir='ltr'><strong>μετὰ</strong></span> <span class='ocrx_word' id='word_1_178' title='bbox 1398 3266 1524 3326; x_wconf 83' lang='grc' dir='ltr'><strong>πάντων</strong></span> 
     </span>
     <span class='ocr_line' id='line_1_24' title="bbox 264 3351 1525 3472; baseline -0.001 -25"><span class='ocrx_word' id='word_1_179' title='bbox 264 3395 324 3448; x_wconf 84' lang='grc' dir='ltr'><strong>τιύν</strong></span> <span class='ocrx_word' id='word_1_180' title='bbox 347 3385 401 3449; x_wconf 84' lang='grc' dir='ltr'><strong>διὰ</strong></span> <span class='ocrx_word' id='word_1_181' title='bbox 412 3351 599 3472; x_wconf 54' lang='grc' dir='ltr'><strong>ἱπρακτικοῦ</strong></span> <span class='ocrx_word' id='word_1_182' title='bbox 624 3407 684 3470; x_wconf 90' lang='grc' dir='ltr'><strong>μου</strong></span> <span class='ocrx_word' id='word_1_183' title='bbox 707 3385 846 3466; x_wconf 85' lang='grc' dir='ltr'><strong>δικαίων,</strong></span> <span class='ocrx_word' id='word_1_184' title='bbox 869 3385 924 3449; x_wconf 85' lang='grc' dir='ltr'><strong>καί</strong></span> <span class='ocrx_word' id='word_1_185' title='bbox 947 3381 1050 3459; x_wconf 77' lang='grc' dir='ltr'><strong>οὐδείς</strong></span> <span class='ocrx_word' id='word_1_186' title='bbox 1077 3393 1137 3452; x_wconf 84' lang='grc' dir='ltr'><strong>τῶν</strong></span> <span class='ocrx_word' id='word_1_187' title='bbox 1164 3379 1323 3472; x_wconf 81' lang='grc' dir='ltr'><strong>ὴμετίρων</strong></span> <span class='ocrx_word' id='word_1_188' title='bbox 1347 3381 1525 3470; x_wconf 76' lang='grc' dir='ltr'><strong>ἀνθρώπων</strong></span> 
     </span>
     <span class='ocr_line' id='line_1_25' title="bbox 261 3503 1523 3594; baseline 0.002 -24"><span class='ocrx_word' id='word_1_189' title='bbox 261 3516 322 3572; x_wconf 81' lang='grc' dir='ltr'><strong>τῶν</strong></span> <span class='ocrx_word' id='word_1_190' title='bbox 348 3510 434 3571; x_wconf 79' lang='grc' dir='ltr'><strong>κατὰ</strong></span> <span class='ocrx_word' id='word_1_191' title='bbox 461 3508 594 3592; x_wconf 81' lang='grc' dir='ltr'><strong>καιρούς</strong></span> <span class='ocrx_word' id='word_1_192' title='bbox 621 3506 826 3594; x_wconf 69' lang='grc' dir='ltr'><strong>ἐνεργούντων</strong></span> <span class='ocrx_word' id='word_1_193' title='bbox 854 3509 889 3572; x_wconf 89' lang='grc' dir='ltr'><strong>τύ</strong></span> <span class='ocrx_word' id='word_1_194' title='bbox 917 3515 1058 3572; x_wconf 82' lang='grc' dir='ltr'><strong>τοιοῦτον</strong></span> <span class='ocrx_word' id='word_1_195' title='bbox 1085 3517 1192 3594; x_wconf 86' lang='grc' dir='ltr'><strong>κτὴμα</strong></span> <span class='ocrx_word' id='word_1_196' title='bbox 1220 3503 1339 3591; x_wconf 81' lang='grc' dir='ltr'><strong>ύρτίλει</strong></span> <span class='ocrx_word' id='word_1_197' title='bbox 1364 3527 1523 3592; x_wconf 83' lang='grc' dir='ltr'><strong>παρτνυχ·</strong></span> 
     </span>
     <span class='ocr_line' id='line_1_26' title="bbox 260 3627 1522 3718; baseline -0.001 -25"><span class='ocrx_word' id='word_1_198' title='bbox 260 3629 358 3715; x_wconf 87' lang='grc' dir='ltr'><strong>λὴσοιι</strong></span> <span class='ocrx_word' id='word_1_199' title='bbox 385 3631 436 3694; x_wconf 88' lang='grc' dir='ltr'><strong>τύν</strong></span> <span class='ocrx_word' id='word_1_200' title='bbox 460 3629 648 3717; x_wconf 80' lang='grc' dir='ltr'><strong>δηλιυδέντα</strong></span> <span class='ocrx_word' id='word_1_201' title='bbox 680 3633 833 3717; x_wconf 85' lang='grc' dir='ltr'><strong>πάροικον</strong></span> <span class='ocrx_word' id='word_1_202' title='bbox 861 3627 907 3704; x_wconf 74' lang='grc' dir='ltr'><strong>τίς</strong></span> <span class='ocrx_word' id='word_1_203' title='bbox 936 3627 1117 3718; x_wconf 84' lang='grc' dir='ltr'><strong>οίανδὴτινα</strong></span> <span class='ocrx_word' id='word_1_204' title='bbox 1144 3631 1247 3708; x_wconf 86' lang='grc' dir='ltr'><strong>δύσιν,</strong></span> <span class='ocrx_word' id='word_1_205' title='bbox 1272 3627 1314 3704; x_wconf 79' lang='grc' dir='ltr'><strong>ὧς</strong></span> <span class='ocrx_word' id='word_1_206' title='bbox 1342 3627 1522 3694; x_wconf 74' lang='grc' dir='ltr'><strong>ἐκδοθέντα</strong></span> 
     </span>
     <span class='ocr_line' id='line_1_27' title="bbox 260 3747 1522 3842; baseline 0.002 -28"><span class='ocrx_word' id='word_1_207' title='bbox 260 3759 370 3815; x_wconf 83' lang='grc' dir='ltr'><strong>τοῦτον</strong></span> <span class='ocrx_word' id='word_1_208' title='bbox 403 3747 477 3838; x_wconf 88' lang='grc' dir='ltr'><strong>παρ’</strong></span> <span class='ocrx_word' id='word_1_209' title='bbox 507 3751 584 3840; x_wconf 75' lang='grc' dir='ltr'><strong>ἑμού</strong></span> <span class='ocrx_word' id='word_1_210' title='bbox 619 3751 664 3826; x_wconf 79' lang='grc' dir='ltr'><strong>τίς</strong></span> <span class='ocrx_word' id='word_1_211' title='bbox 691 3753 745 3840; x_wconf 85' lang='grc' dir='ltr'><strong>τὴν</strong></span> <span class='ocrx_word' id='word_1_212' title='bbox 781 3749 953 3838; x_wconf 79' lang='grc' dir='ltr'><strong>ύπίραγνύν</strong></span> <span class='ocrx_word' id='word_1_213' title='bbox 983 3776 1042 3839; x_wconf 90' lang='grc' dir='ltr'><strong>μου</strong></span> <span class='ocrx_word' id='word_1_214' title='bbox 1070 3757 1256 3842; x_wconf 81' lang='grc' dir='ltr'><strong>θεομὴτορα</strong></span> <span class='ocrx_word' id='word_1_215' title='bbox 1284 3755 1338 3839; x_wconf 87' lang='grc' dir='ltr'><strong>τὴν</strong></span> <span class='ocrx_word' id='word_1_216' title='bbox 1369 3751 1522 3840; x_wconf 85' lang='grc' dir='ltr'><strong>Λεμβιύ-</strong></span> 
     </span>
     <span class='ocr_line' id='line_1_28' title="bbox 259 3873 1081 3963; baseline 0.005 -25"><span class='ocrx_word' id='word_1_217' title='bbox 259 3897 380 3941; x_wconf 87' lang='grc' dir='ltr'><strong>τιοσαν.</strong></span> <span class='ocrx_word' id='word_1_218' title='bbox 410 3881 516 3962; x_wconf 84' lang='grc' dir='ltr'><strong>μηνί</strong></span> <span class='ocrx_word' id='word_1_219' title='bbox 545 3873 659 3963; x_wconf 79' lang='grc' dir='ltr'><strong>μαίιρ</strong></span> <span class='ocrx_word' id='word_1_220' title='bbox 686 3875 766 3942; x_wconf 84' lang='grc' dir='ltr'><strong>ίνδ.</strong></span> <span class='ocrx_word' id='word_1_221' title='bbox 795 3879 1023 3962; x_wconf 79' lang='grc' dir='ltr'><strong>τετάρτης</strong></span> <span class='ocrx_word' id='word_1_222' title='bbox 1050 3881 1081 3957; x_wconf 92' lang='lat'><strong>†.</strong></span> 
     </span>
    </p>

    <p class='ocr_par' dir='ltr' id='par_1_7' title="bbox 348 3995 847 4086">
     <span class='ocr_line' id='line_1_29' title="bbox 348 3995 847 4086; baseline 0.002 -22"><span class='ocrx_word' id='word_1_223' title='bbox 348 3995 591 4080; x_wconf 76' lang='grc' dir='ltr'><strong>ὴΕύγτνία</strong></span> <span class='ocrx_word' id='word_1_224' title='bbox 615 4001 794 4086; x_wconf 90' lang='grc' dir='ltr'><strong>μοναχὴ</strong></span> <span class='ocrx_word' id='word_1_225' title='bbox 818 4003 847 4080; x_wconf 89' lang='lat'><strong>†.</strong></span> 
     </span>
    </p>
   </div>
   <div class='ocr_carea' id='block_1_6' title="bbox 468 4240 1329 4330">
    <p class='ocr_par' dir='ltr' id='par_1_8' title="bbox 468 4240 1329 4330">
     <span class='ocr_line' id='line_1_30' title="bbox 468 4240 1329 4330; baseline -0.003 -16"><span class='ocrx_word' id='word_1_226' title='bbox 468 4240 613 4315; x_wconf 80' lang='lat' dir='ltr'>ovass.</span> <span class='ocrx_word' id='word_1_227' title='bbox 630 4245 706 4314; x_wconf 86' lang='lat' dir='ltr'><strong>Sine</strong></span> <span class='ocrx_word' id='word_1_228' title='bbox 721 4265 812 4330; x_wconf 83' lang='grc' dir='ltr'><strong>αυυυ,</strong></span> <span class='ocrx_word' id='word_1_229' title='bbox 829 4265 935 4313; x_wconf 80' lang='lat' dir='ltr'>mense</span> <span class='ocrx_word' id='word_1_230' title='bbox 950 4243 1117 4330; x_wconf 80' lang='lat' dir='ltr'>decembri,</span> <span class='ocrx_word' id='word_1_231' title='bbox 1134 4244 1200 4313; x_wconf 88' lang='lat' dir='ltr'><strong>ind.</strong></span> <span class='ocrx_word' id='word_1_232' title='bbox 1218 4245 1297 4312; x_wconf 86' lang='lat' dir='ltr'>XIII.</span> <span class='ocrx_word' id='word_1_233' title='bbox 1327 4277 1329 4282; x_wconf 96' lang='lat'>·</span> 
     </span>
    </p>
   </div>
   <div class='ocr_carea' id='block_1_7' title="bbox 289 4391 1480 4468">
    <p class='ocr_par' dir='ltr' id='par_1_9' title="bbox 289 4391 1480 4468">
     <span class='ocr_line' id='line_1_31' title="bbox 289 4391 1480 4468; baseline 0.004 -20"><span class='ocrx_word' id='word_1_234' title='bbox 289 4391 414 4450; x_wconf 78' lang='grc' dir='ltr'><strong>Μὶτίιατί</strong></span> <span class='ocrx_word' id='word_1_235' title='bbox 430 4393 583 4454; x_wconf 79' lang='grc' dir='ltr'><strong>θοουπτκατ</strong></span> <span class='ocrx_word' id='word_1_236' title='bbox 598 4393 722 4449; x_wconf 80' lang='grc' dir='ltr'><strong>Βπακατ</strong></span> <span class='ocrx_word' id='word_1_237' title='bbox 737 4397 907 4450; x_wconf 66' lang='lat' dir='ltr'><em>monasterio</em></span> <span class='ocrx_word' id='word_1_238' title='bbox 923 4395 1013 4450; x_wconf 79' lang='lat' dir='ltr'><em>donat</em></span> <span class='ocrx_word' id='word_1_239' title='bbox 1027 4413 1158 4468; x_wconf 81' lang='grc' dir='ltr'><strong>οουτραοι</strong></span> <span class='ocrx_word' id='word_1_240' title='bbox 1173 4396 1277 4450; x_wconf 70' lang='lat' dir='ltr'><strong><em>dietum</em></strong></span> <span class='ocrx_word' id='word_1_241' title='bbox 1291 4393 1322 4452; x_wconf 81' lang='lat' dir='ltr'><strong>S.</strong></span> <span class='ocrx_word' id='word_1_242' title='bbox 1338 4393 1480 4453; x_wconf 73' lang='lat' dir='ltr'><strong>Helenae.</strong></span> 
     </span>
    </p>
   </div>
   <div class='ocr_carea' id='block_1_8' title="bbox 256 4545 1515 4755">
    <p class='ocr_par' dir='ltr' id='par_1_10' title="bbox 256 4545 1515 4755">
     <span class='ocr_line' id='line_1_32' title="bbox 343 4545 1515 4634; baseline 0 -24"><span class='ocrx_word' id='word_1_243' title='bbox 343 4545 689 4631; x_wconf 73' lang='grc' dir='ltr'><strong>ὴΧαριστικύν</strong></span> <span class='ocrx_word' id='word_1_244' title='bbox 732 4550 917 4634; x_wconf 72' lang='grc' dir='ltr'><strong>γράμμα</strong></span> <span class='ocrx_word' id='word_1_245' title='bbox 959 4545 1204 4633; x_wconf 84' lang='grc' dir='ltr'><strong>Κομνηνού</strong></span> <span class='ocrx_word' id='word_1_246' title='bbox 1246 4555 1323 4612; x_wconf 87' lang='grc' dir='ltr'><strong>τού</strong></span> <span class='ocrx_word' id='word_1_247' title='bbox 1360 4545 1515 4632; x_wconf 83' lang='grc' dir='ltr'><strong>Βρανᾱ</strong></span> 
     </span>
     <span class='ocr_line' id='line_1_33' title="bbox 256 4667 1275 4755; baseline 0.007 -28"><span class='ocrx_word' id='word_1_248' title='bbox 256 4667 1275 4755; x_wconf 74' lang='grc' dir='ltr'><strong>χάριντούχωραρίυυτὴςἀγίαςἙλίνηςὴ.</strong></span> 
     </span>
    </p>
   </div>
   <div class='ocr_carea' id='block_1_9' title="bbox 0 0 1574 5306">
    <p class='ocr_par' dir='ltr' id='par_1_11' title="bbox 0 0 1574 5306">
     <span class='ocr_line' id='line_1_34' title="bbox 0 0 1574 5306; baseline 0 9"><span class='ocrx_word' id='word_1_249' title='bbox 0 0 1574 5306; x_wconf 95' lang='lat' dir='ltr'><strong> </strong></span> 
     </span>
    </p>
   </div>
  </div>
 </body>
</html>
