3168 5274
1252 215 1315 284 831

70 411 109 471 ιαί
132 411 200 492 περὶ
228 409 264 472 τύ
289 405 362 495 ύρος
386 418 440 474 τού
464 410 607 495 Δρόγγοο
631 411 843 496 διακειμένης,
869 412 890 476 ά
913 413 969 476 καί
992 409 1053 476 είσί
1077 418 1190 489 ταῦτα,
1217 411 1316 498 ἤγοον

68 531 88 595 εἴ
102 555 128 596 τι
148 535 304 620 τίκτηται
326 529 346 620 ἡ
370 535 501 621 τοιαύτη
526 535 605 620 μονῆ
630 531 662 598 ὲν
689 545 728 620 τῆ
755 535 848 620 χώρη
874 542 930 621 τῆς
953 534 1179 621 Δημητριάδος
1206 535 1259 600 διά
1282 558 1316 602 τι

67 655 254 740 ἀμπελώνων,
290 661 476 746 χωραρίων,
505 665 563 744 γῆς
587 655 709 745 όρεινῆς
733 662 790 722 καί
811 659 952 745 πεδινῆς,
989 659 1128 744 μολιιιῶν
1153 657 1316 746 όργαστη·

65 784 120 864 ρ’πιν
145 783 203 842 καί
238 789 300 844 τῶν
333 783 610 868 προσκαθημίνων
639 781 673 846 ἐν
701 777 807 856 τούτοις
836 780 1028 868 ἀνθρώπων,
1056 785 1113 846 καί
1141 783 1194 848 τόν
1223 778 1317 863 ἅγιον

65 903 240 990 ’θνούρριοη
271 901 481 992 ἐρημοτόπιον
515 907 551 972 τδ
581 902 806 991 ἐπιλεγόμενον
841 913 897 992 τῆς
929 875 1106 987 Ιζαλίτζας,Ι
1139 909 1257 992 χωρίον
1291 903 1315 992 ἡ

62 1025 191 1112 Κροπούς
220 1029 304 1114 μετὰ
337 1031 462 1092 πάντων
490 1038 549 1094 τῶν
577 1029 710 1093 δικαίων
744 1032 801 1092 καί
827 1033 1006 1115 προνομίων
1042 1025 1138 1094 αύτού
1166 1034 1224 1094 καί
1251 1039 1313 1094 τῶν

61 1151 103 1214 δύο
126 1151 308 1236 μονοξύλων
335 1148 433 1216 αύτού
459 1155 516 1216 καί
539 1163 599 1237 τῷν
623 1149 754 1228 άλιίων,
777 1157 964 1240 χωραρίων,
992 1149 1153 1238 ἀμπελίων
1176 1157 1234 1218 καί
1256 1161 1313 1240 τῆς

59 1279 218 1362 νεμομένης
251 1278 338 1361 παρὰ
367 1284 423 1363 τῆς
458 1277 607 1364 τοιαύτης
642 1286 739 1364 μονῆς
769 1285 828 1362 γῆς
862 1273 986 1362 θρεινῆς
1013 1279 1070 1340 καὶ
1097 1277 1224 1366 πεδινῆς
1252 1275 1313 1352 ἕως

58 1407 99 1485 τῆς
123 1396 391 1485 Ἀειδτιροράχης,
426 1397 544 1486 χωρίον
572 1396 592 1486 ῆ
621 1398 791 1484 Κάπραινα
826 1403 907 1486 μετὰ
933 1402 1058 1465 πάντων
1092 1410 1152 1467 τῶν
1179 1401 1312 1466 δικαίων
1457 1409 1473 1448 7‘

57 1520 99 1585 ιαὶ
121 1527 302 1609 προνομίων
337 1517 444 1600 αύτού,
473 1526 624 1610 μετόχιον
659 1521 677 1588 ό
706 1520 798 1604 ἅγιος
833 1522 1015 1610 Δημῆτριος
1043 1525 1079 1589 τό
1111 1524 1313 1610 διακείμενον
1348 1491 1353 1524 ¹
1454 1519 1462 1542 '

55 1647 171 1732 πλησίον
200 1655 258 1733 τῆς
286 1645 439 1734 Μεγάλης
466 1650 547 1733 μετὰ
575 1657 634 1712 τόν
661 1649 940 1735 προσκαθημένων
967 1645 999 1714 όν
1023 1643 1108 1734 αύτῷ
1132 1645 1312 1733 ἀνθρώπων

22 1793 24 1852 γ
54 1773 95 1832 καί
120 1767 279 1856 ἀροσίμοο
307 1769 435 1856 άπάσης
463 1779 522 1856 γῆς
549 1768 656 1850 αύτού,
693 1775 842 1858 μετόχιον
877 1773 913 1836 τύ
943 1769 1219 1858 ἐπονομαζόμενον
1254 1781 1310 1838 τού

22 1879 24 1892 ’
54 1901 134 1978 ιοροδ
169 1891 349 1980 Ἱλαρίωνος
382 1896 418 1959 τύ
453 1895 654 1980 διακείμενον
689 1893 723 1960 όν
757 1906 797 1982 τῆ
831 1898 924 1982 χώρη
956 1903 1012 1960 τού
1039 1892 1199 1982 Ἃλμορού
1229 1897 1310 1981 μετὰ
1426 1959 1439 1992 ·

19 2009 21 2086 ι’
53 2027 99 2080 τόν
132 2015 330 2102 ἀμπελώνων
357 2021 413 2082 καί
440 2021 564 2084 πάντων
599 2029 658 2082 τῶν
686 2015 818 2084 δικαίων
846 2022 904 2084 καί
928 2022 1107 2106 προνομίαν
1133 2013 1240 2097 αύτού,
1270 2021 1310 2086 τὰ

17 2119 20 2266 μί
53 2144 252 2225 περιελθόντα
275 2151 314 2227 τῆ
337 2142 468 2228 τοιαύτη
493 2154 575 2230 μονῆ
598 2139 631 2218 ἐξ
654 2140 832 2228 όιγορασίας
860 2140 1000 2229 ἀμπίλια
1023 2142 1058 2206 δν
1081 2142 1124 2230 περ
1145 2145 1230 2229 τόπῳ
1252 2149 1308 2208 τού

52 2263 201 2351 λίτρίβορι,
227 2267 267 2328 τὰ
291 2263 353 2330 ἀπὸ
376 2267 586 2352 προσενόξεύς
609 2285 699 2330 τινων
724 2267 936 2354 φιλοχρίστων
957 2264 1080 2352 ἀνδρῶν
1100 2268 1310 2353 περιελθόντα
1333 2269 1340 2288 “

51 2397 80 2475 τῆ
103 2389 237 2474 τοιαύτη
267 2400 348 2476 μονῆ
378 2385 518 2475 ἀμπέλια
546 2390 579 2454 όν
607 2389 650 2476 τῷ
675 2391 807 2474 τοιούτῳ
829 2392 914 2474 τότιρ
943 2398 999 2455 τού
1022 2388 1192 2476 Ἀλμοροδ,
1215 2391 1252 2456 τύ
1275 2387 1309 2456 ἐν

50 2510 161 2597 τῷύρει
186 2523 243 2600 τῆς
266 2511 412 2600 Ζαγοράς
436 2511 578 2600 ἀγρίδιον
602 2523 658 2600 τῆς
673 2513 867 2602 Κορακαλῆς
891 2517 1056 2599 μετὰτῶν
1080 2513 1185 2581 ίκείσε
1207 2535 1308 2602 προσ·

12 2677 13 2702 ι
49 2640 235 2725 καθημένων
270 2642 326 2703 καί
359 2641 482 2704 πάντων
516 2647 577 2702 τόν
611 2639 742 2704 δικαίων
777 2635 890 2717 αύτοο,
919 2641 1068 2726 μιτόχιον
1096 2641 1132 2706 τό
1163 2636 1311 2719 ἐπιλεγό-

12 2827 13 2836 ,
49 2781 128 2844 μενον
155 2759 178 2849 ἡ
206 2759 379 2841 Ῥάσοοσα,
406 2764 485 2849 πρός
512 2764 634 2836 τούτοις
656 2758 755 2849 καίῆ
785 2761 890 2827 όκτίσι
925 2760 1117 2849 θπερριμόνη
1146 2763 1226 2848 μονῆ
1253 2771 1310 2830 τού

49 2889 139 2969 τιμίου
176 2885 380 2972 Προδρόμσο,
417 2885 439 2951 δ
466 2887 505 2972 δῆ
534 2889 685 2972 κτήματα
713 2885 854 2952 ἔκπαλαι
880 2889 938 2951 καί
966 2889 1062 2972 μέχρι
1089 2894 1146 2972 τῆς
1168 2888 1309 2972 σῆμερον

48 3005 222 3095 εὑρίσκεται
248 3005 270 3096 ἡ
297 3011 428 3096 τοιαύτη
458 3011 537 3097 μονὴ
565 3007 723 3096 νεμομένη
752 3031 785 3074 τε
812 3013 868 3074 καί
895 3013 1092 3096 κατίχοοσα.
1114 3003 1136 3096 ἡ
1160 3009 1309 3092 βασιλεία

46 3153 104 3216 μου,
125 3131 269 3220 εὐμενῶς
288 3133 345 3218 τῆν
360 3135 473 3198 τούτοο
494 3109 726 3220 προσηκαμόνη
748 3134 959 3220 παράκλησιν,
984 3134 1037 3197 τόν
1059 3133 1202 3218 παρόντα
1225 3152 1305 3219 χρο-

46 3257 214 3339 σίβοολλον
242 3257 340 3336 λόγον
368 3252 466 3343 αὐτῆς
494 3255 639 3344 ίπορίγει
661 3268 701 3343 τῆ
724 3257 855 3342 τοιαύτη
881 3267 977 3344 μονῆ,
1000 3253 1041 3322 δι’
1066 3251 1101 3320 ού
1125 3258 1182 3320 καί
1204 3255 1306 3342 διορί-

45 3385 136 3460 ίεται,
166 3379 222 3444 ἵνα
250 3383 290 3444 τὰ
317 3379 507 3467 δηλωθόντα
533 3389 590 3467 τῆς
616 3381 764 3466 τοιαύτης
792 3388 892 3466 μονῆς
915 3382 1080 3466 κτῆματα,
1104 3377 1203 3467 ἤγοον
1226 3378 1257 3444 τί
1276 3402 1307 3445 τι

43 3509 193 3592 τίκτηται
221 3500 241 3591 ῆ
270 3506 401 3591 τοιαύτη
429 3505 509 3590 μονῆ
539 3504 572 3568 όν
600 3514 639 3591 τῆ
666 3505 759 3591 χύρα
781 3511 840 3590 τῆς
864 3503 1087 3592 Δημητριόδος
1110 3503 1165 3568 διά
1187 3523 1220 3568 τε
1245 3500 1308 3590 διμ-

43 3630 199 3706 πελύνων,
228 3631 413 3716 χωραμίων,
449 3637 508 3714 γῆς
531 3624 653 3715 θρεινῆς
675 3630 732 3692 καί
753 3628 897 3714 πεδινῆς,
927 3627 1068 3714 μολικύν
1091 3625 1307 3714 ἐργαστηρίων

43 3757 91 3817 ταί
113 3763 177 3819 τῶν
210 3753 489 3838 προσκαύημίνων
513 3749 546 3816 ίν
580 3748 687 3825 αύτοίς
710 3749 895 3837 ἀνθρώπων,
920 3749 977 3816 καί
1000 3751 1053 3816 τύν
1069 3747 1168 3841 Ισίγιον
1195 3749 1306 3817 Ὀνού·

43 3897 140 3964 ρριον,
170 3875 381 3964 ίρημοτόπιον
404 3879 440 3940 τύ
465 3872 686 3962 ἐπιλεγόμενον
713 3883 769 3962 τῆς
791 3873 970 3956 Καλίτίας,
1000 3877 1116 3962 χωρίον
1139 3875 1194 3962 τῆν
1217 3871 1306 3960 Κρο-

42 4010 114 4075 τούς
150 4003 233 4087 μετὰ
260 4001 383 4066 πάντων
417 4009 476 4064 τῶν
500 3999 633 4064 δικαίων
667 4003 724 4064 καί
745 4002 923 4086 σρονομίων
947 3994 1044 4064 αύτοδ
1077 3995 1219 4064 καὶτῶν
1248 3998 1306 4064 δύο

44 4127 218 4208 μονοξύλιεν
246 4119 344 4190 αὐτοῦ
370 4127 509 4188 καὶτῶν
533 4117 663 4202 άλιίων,
692 4127 877 4212 χωραρίων,
907 4120 1067 4209 ἀμπελίων
1094 4125 1152 4186 καί
1174 4129 1230 4208 τῆς
1251 4141 1306 4187 νε-

44 4254 181 4337 μομένης
208 4252 295 4336 παρὰ
322 4257 378 4335 τῆς
405 4249 554 4333 τοιαύτης
582 4256 680 4334 μονῆς
704 4255 762 4333 γῆς
786 4245 909 4333 ύρεινῆς
936 4249 993 4312 καί
1015 4247 1143 4333 πεδινῆς
1165 4242 1225 4321 ἕως
1248 4255 1305 4334 τῆς

43 4370 306 4460 Ἀειδοροράχης,
341 4371 459 4459 χωρίον
493 4372 549 4458 τῆν
583 4369 770 4456 Κάπραιναν
805 4373 887 4456 μετὰ
920 4373 1044 4436 πάντων
1078 4379 1139 4437 τόν
1173 4370 1306 4436 δικαίων

43 4496 96 4562 καὶ
118 4499 296 4584 προνομίωι
320 4492 428 4574 αύτού,
453 4498 603 4582 μετύχιον
626 4497 679 4562 τόν
706 4491 821 4574 Ἀγιον
845 4493 1023 4584 Δημήτριον
1047 4495 1083 4560 τύ
1106 4495 1305 4582 διακείμενον

15 4587 18 4598 ’
43 4622 175 4706 πλησίον
203 4629 258 4708 τῆς
284 4619 439 4704 Μεγάλης
467 4621 546 4703 μετὰ
573 4629 633 4684 τῶν
660 4615 937 4705 προσκαθημένων
961 4616 994 4682 όν
1021 4614 1105 4702 αύτηῑ
1131 4615 1306 4704 ἀνθρώπων
