3190 5284
268 278 311 344 78

268 469 330 534 ἀπό
359 479 414 536 τοῦ
442 477 495 534 νῦν
524 475 599 534 ποτὲ
627 471 727 558 καιρῷ
752 471 772 559 ἢ
796 476 901 559 χρόνῳ
931 471 1151 558 ἀνατραπῆναι
1173 470 1194 556 ῆ
1218 469 1360 536 ὁπωσοῦν
1389 491 1551 555 παρασα-

185 654 192 662 .
267 595 439 681 λευθῆναι,
469 590 505 658 οό
534 589 607 678 παρ’
637 591 725 681 ἡμῶν
756 591 941 661 αὐτῶντῶν
966 593 1244 680 ἀπεμπολοόντων,
1273 589 1309 656 οὒ
1333 589 1408 678 παρ’
1432 590 1551 676 ἑτέρου

269 715 465 804 οίουδῆτινος
492 719 661 802 προσώπου
690 726 877 798 συγγενικοῦ
905 715 925 804 ἢ
954 721 1011 782 καί
1038 715 1206 802 ἀλλοτρίου
1234 719 1269 780 τό
1294 715 1425 780 σύνολον
1448 717 1551 779 τιθέ-

270 843 359 926 μεθα
379 842 437 904 καί
459 848 611 925 ποιοῦμεν
636 837 800 918 ἑκουσίως,
826 839 1076 928 ἀμεταμελῆτως
1100 843 1156 904 καί
1181 833 1240 902 οόκ
1265 839 1303 904 ἔκ
1327 857 1408 911 τινος
1437 835 1550 915 ἀνάγ-

268 985 330 1050 κης
353 961 373 1049 ἦ
397 963 470 1046 βίας
491 960 513 1049 ἢ
536 963 637 1049 φόβου
659 960 680 1049 ῆ
705 963 802 1026 δόλου
824 960 845 1050 ἢ
866 973 1062 1050 περιγραφῆς
1084 961 1105 1049 ἢ
1130 971 1333 1050 συναρπαγῆς
1356 959 1376 1048 ἢ
1398 959 1551 1031 ίδιωτίας

268 1085 290 1175 ῆ
320 1083 486 1172 ἀγροικίας
513 1083 534 1172 ἢ
562 1089 699 1171 νομίμου
727 1088 850 1174 φαίκτου
875 1085 1006 1166 ἀγνοίας
1032 1085 1052 1172 ἢ
1077 1085 1178 1172 ἄλλης
1203 1087 1284 1157 τινός
1309 1083 1462 1170 ὲπιψόγου
1490 1093 1550 1168 τῆς

270 1219 330 1274 των
367 1213 471 1293 νόμων
506 1205 787 1295 ἀποτετραμμένης
823 1207 939 1286 αίτίας,
976 1210 1097 1294 μᾶλλον
1137 1211 1192 1292 μὲν
1229 1205 1282 1271 οόν
1321 1211 1400 1292 μετὰ
1435 1209 1550 1289 ποίτης

268 1328 359 1418 ἡμῶν
389 1337 445 1418 τῆς
478 1331 660 1416 προθυμίας
695 1334 752 1394 καί
787 1329 979 1418 ἁπλότητος,
1015 1336 1148 1417 χρονίας
1183 1353 1216 1394 τε
1252 1328 1451 1416 διασκέψεως
1489 1332 1551 1390 καί

271 1457 351 1538 μετὰ
376 1457 649 1539 μεμεριμνημίνου
673 1463 805 1531 σκοποῖ),
831 1451 899 1540 ἅμα
921 1459 978 1519 καί
1002 1466 1040 1540 τῆ
1065 1459 1242 1520 συναινέσαι
1262 1455 1378 1525 παντός
1402 1461 1458 1515 του
1484 1449 1550 1534 μέ-

270 1597 345 1662 ρους
372 1572 462 1663 ἡμῶν
490 1577 654 1661 τιθέμεθα
681 1581 738 1640 καί
766 1585 918 1662 ποιοῦμεν
946 1575 1114 1654 ἑκουσίως,
1142 1573 1341 1652 αότοθελῶς,
1372 1571 1551 1655 ἀβιαίστως,

150 1671 151 1678 ¹
193 1769 195 1774 ,
270 1695 477 1784 ἀπανούργους
514 1701 571 1762 καί
600 1695 850 1784 ἀμεταμελῆτως
876 1703 955 1783 πρός
990 1703 1035 1776 σὲ,
1072 1702 1125 1763 τόν
1159 1701 1418 1784 πανηγιασρ.ίνον
1453 1701 1550 1762 καθ-

270 1823 445 1909 ηγοόμενον
480 1830 535 1908 τῆς
571 1821 749 1906 σεβασμίοις
785 1822 955 1906 βασιλικῆς
991 1819 1085 1898 ἁγίας
1121 1833 1217 1908 μονῆς
1247 1830 1303 1906 τῆς
1335 1817 1551 1904 όπερενδόξου

270 1946 440 2030 δεσποίνης
463 1939 551 2030 ἡμῶν
574 1943 735 2007 θευτόκου
759 1953 815 2030 τῆς
830 1942 1082 2030 Λεμβιωτίσσης,
1107 1955 1167 2028 ευρ
1189 1942 1382 2030 Γεροίσιμον,
1407 1947 1463 2005 καί
1491 1943 1551 2008 διὰ

271 2075 329 2133 σοό
355 2069 433 2153 πρός
460 2066 533 2140 τεός
562 2062 620 2130 όπό
649 2071 685 2132 σί
715 2063 933 2152 ἀσκουμένους
962 2068 1124 2153 μοναχοός
1147 2071 1203 2132 καί
1227 2067 1265 2130 δι’
1295 2061 1378 2150 ὑμῶν
1401 2069 1481 2150 πρός
1508 2069 1551 2128 τὰ

269 2195 352 2277 μέρη
376 2185 461 2274 ὑμῶν
485 2185 619 2266 ἅπαντα,
643 2189 873 2275 κληρονόμους,
897 2191 1070 2276 διαδόχους
1094 2193 1150 2254 καί
1173 2195 1342 2262 παντοίους
1370 2189 1442 2262 τοός
1465 2191 1548 2252 δια-

271 2315 447 2399 κατόχοος,
475 2313 589 2384 καθείς
612 2311 851 2398 δηλωθήσεται.
881 2317 937 2376 καί
961 2316 1021 2397 γὰρ
1045 2317 1085 2377 τὰ
1109 2311 1225 2376 ίλαῖκά
1250 2308 1339 2398 ημῶν
1363 2311 1479 2396 δένδρα
1507 2315 1549 2374 τὰ

272 2430 350 2500 ὄντα
372 2437 428 2500 καί
450 2435 637 2519 διακείμενα
662 2432 694 2498 ίν
718 2433 761 2520 τῷ
783 2440 889 2521 χυρίιρ
913 2445 969 2502 τοῦ
992 2434 1178 2522 Παναρέτου
1201 2431 1258 2499 καὶ
1281 2433 1313 2498 ἐν
1341 2445 1380 2519 τῆ
1404 2438 1550 2498 τοποθε-

272 2563 328 2642 σίφ
350 2565 405 2623 τοό
421 2555 585 2636 Φοίνικος,
610 2561 649 2622 τὰ
672 2561 729 2622 καί
751 2559 951 2644 πλησιαστὰς
977 2558 1095 2644 ἔχοντα
1119 2557 1181 2624 ἀπὸ
1206 2563 1263 2644 μὲν
1287 2555 1445 2642 ἀνατολῆς
1468 2558 1549 2628 τοός

271 2677 458 2766 Ἀρμενίους
479 2684 537 2745 καί
561 2677 622 2746 ἀπό
646 2681 765 2754 δόσεως
788 2682 861 2754 τεός
889 2679 1005 2754 αότοός
1029 2679 1227 2766 Ἀρμενίους,
1257 2679 1319 2746 ἀπὸ
1344 2679 1462 2764 ἄρκτου
1488 2689 1549 2744 τοῦ

273 2801 405 2888 Ζωναρᾱ
427 2807 484 2867 καί
507 2799 570 2867 ἀπὸ
595 2805 795 2890 μεσημβρίας
823 2812 878 2868 τοῦ
906 2802 1064 2886 Κακαβᾶ,
1087 2800 1184 2889 ἤγουν
1210 2802 1325 2870 έλαίκὰ
1353 2803 1470 2888 δένδρα
1503 2803 1553 2866 εί-

272 2928 428 2991 κοειεπτὰ
452 2928 532 3011 μετὰ
553 2929 678 2990 πάντων
702 2935 761 2990 τῶν
789 2925 920 2990 δικαίων
949 2929 1005 2989 καί
1032 2929 1208 3012 προνομίαν
1237 2921 1339 2990 αὐτῶν
1369 2925 1553 3010 βουληθέν-

273 3071 326 3122 τες
353 3046 608 3134 ίκποιῆσασθαιγ
644 3049 698 3134 τῆν
725 3058 841 3133 πρᾶσιν
865 3050 980 3111 τοότων
1012 3047 1256 3136 διεφημίσαμεν.
1291 3045 1335 3121 ὣς
1363 3049 1399 3112 δὲ
1426 3044 1447 3136 ῆ
1475 3053 1552 3134 περί

274 3166 378 3240 αὐτῶν
402 3175 492 3259 φῆμη
510 3171 636 3259 ἔφθασε
659 3174 716 3234 καί
740 3169 861 3244 εἰςτὰς
886 3168 989 3242 ἀκοάς
1013 3192 1081 3246 σου,
1097 3179 1153 3234 τοό
1176 3177 1435 3258 παναγιασμένου
1458 3177 1551 3236 καθ-

274 3298 453 3382 ηγουμένου
488 3303 544 3382 τῆς
574 3295 753 3380 σεβασμίας
788 3294 957 3378 βασιλικῆς
990 3291 1085 3372 ἁγίας
1121 3305 1218 3381 μονῆς
1251 3304 1306 3378 τῆς
1338 3291 1549 3377 όπερενδόξου

275 3419 443 3504 δεσποίνης
470 3415 558 3504 ἡμῶν
583 3418 742 3482 θεοτόκου
765 3425 820 3502 τῆς
844 3414 1098 3504 Λεμβιωτίσσης,
1126 3425 1223 3501 κυροό
1246 3413 1435 3502 Γερασίμου,
1461 3413 1549 3503 ἠθέ-

276 3540 381 3626 λησας
403 3536 485 3604 αὐτὰ
509 3537 743 3626 ἐξωνήσασθαι,
767 3543 823 3604 καί
847 3541 950 3619 λόγων
975 3545 1072 3624 μέσον
1095 3536 1185 3626 ἡμῶν
1201 3543 1370 3626 γινομένων
1397 3543 1469 3624 περί
1492 3547 1551 3604 τοῦ

276 3665 454 3749 τιμήματος
476 3657 587 3740 αότῶν,
609 3657 740 3746 ὕστερον
756 3665 1006 3748 περιεστῆσαμεν
1031 3661 1113 3726 αότὰ
1135 3661 1172 3726 ἐκ
1188 3665 1369 3750 συμφωνίας
1392 3665 1448 3726 καί
1473 3660 1552 3748 ἀρε·

277 3789 389 3858 σκείας
411 3781 500 3872 ἡμῶν
525 3784 569 3858 είς
592 3782 774 3870 νομίσματα
797 3794 903 3870 χρυσᾶ
926 3783 1037 3862 ἐξοίγια
1060 3782 1155 3862 όκτιίι,
1180 3785 1201 3849 ἃ
1224 3786 1263 3871 δῆ
1287 3790 1469 3872 νομίσματα
1491 3789 1553 3848 καί

278 3909 429 3992 λαβόντες
453 3905 516 3974 ἀπὸ
539 3917 599 3972 τῶν
624 3917 737 3992 χειρῶν
766 3929 823 3972 σου
847 3905 893 3980 είς
916 3909 973 3978 τὰς
995 3903 1084 3994 ἡμῶν
1108 3918 1217 3994 χεῖρας
1242 3905 1372 3972 ἐντόπιον
1395 3912 1451 3972 καί
1476 3905 1552 3993 ὄψει

278 4039 339 4096 τῶν
361 4032 510 4096 κάτωθεν
535 4027 723 4117 ὀφειλόντων
753 4025 933 4116 ὑπογράψαι
962 4027 1126 4116 μαρτόρων
1149 4033 1205 4094 καί
1229 4029 1355 4102 τελείως
1378 4029 1552 4104 ἐκστοίντες

278 4163 335 4241 τῆς
359 4151 460 4220 αὐτῶν
483 4155 683 4238 διακατοχῆς
706 4155 764 4215 καί
786 4159 885 4236 νομῆς
910 4151 1146 4237 ἑκχωροόμεθοί
1178 4175 1229 4216 σοι
1253 4151 1466 4236 ἐπιλαβέσθαι
1491 4149 1553 4217 αό-

279 4285 340 4342 τιόν
367 4281 424 4342 καί
448 4277 594 4364 χρᾶσθαι
616 4278 672 4338 καί
695 4275 852 4358 νέμεσθαι
884 4272 930 4346 είς
953 4275 1025 4347 τεός
1048 4271 1119 4361 ἑξῆς
1145 4273 1286 4350 ἅπαντας
1309 4280 1366 4342 καί
1389 4277 1551 4362 διηνεκεῖς
1580 4329 1581 4338 ,

280 4402 424 4486 χρόνους,
449 4398 560 4464 ἄδειαν
585 4396 714 4482 ἔχοντες
737 4394 794 4460 καὶ
816 4405 922 4460 πᾶσαν
944 4395 1088 4470 ἐξουσίαν
1112 4398 1226 4462 πωλεῖν
1250 4394 1331 4464 αότὰ
1356 4403 1411 4462 καί
1435 4397 1551 4484 δωρεί-

281 4522 371 4598 σθαι,
396 4519 620 4586 ἀνταλλτίττειν
643 4523 699 4582 καί
725 4517 828 4583 τᾶλλα
851 4521 953 4582 πάντα
979 4521 1144 4584 ποιεῖσθαι
1174 4525 1258 4585 κατὰ
1288 4524 1340 4586 τόν
1368 4519 1551 4606 ἀρέσκοντα

280 4641 406 4728 δηλαδὴ
431 4645 486 4706 καί
510 4644 713 4728 νομιζόμενόν
739 4663 789 4705 σοι
816 4645 943 4725 τρόπον,
971 4643 1085 4714 καθιδς
1110 4639 1139 4706 οἱ
1162 4644 1246 4706 θεῖοι
1273 4648 1328 4708 καί
1351 4647 1551 4730 φιλευσεβείς
