3140 5306
240 267 306 332 244

244 458 376 544 ὁρισμοῦ
412 459 668 546 ἀπεσπάσθησαν
701 458 744 534 τθς
776 457 1038 546 ὁμολογουμένως
1074 457 1236 526 ἀνίκαθτν
1270 455 1357 546 αὐτῷ
1394 457 1520 546 διαιρέ-

244 601 355 668 ροντα,
389 586 446 648 καί
481 579 580 656 υότως
607 578 627 669 ἡ
657 583 737 670 μονὴ
774 583 865 650 ἔσται
898 587 1085 668 κατέχουσα
1113 586 1170 648 καί
1204 585 1363 670 νεμομόνη
1391 583 1429 647 τὸ
1459 577 1520 646 ὑπ’

246 702 343 793 αὐτῆς
368 707 510 791 βιβάριον
535 707 587 770 τόν
607 704 708 790 Γῦρον
731 710 891 791 μετὰτῶν
915 703 949 782 ἔξ
972 703 1090 792 ἀνόμου
1105 709 1162 770 καί
1184 714 1245 770 τῶν
1268 701 1432 770 αάλακίων
1457 704 1523 767 δε-

247 839 404 903 σποτικῶς
428 831 542 912 θικαίτρ
566 825 764 914 ἀπερικόπως
786 831 887 914 πάντη
910 831 967 894 καί
991 825 1170 906 ἀκωλύτως,
1193 831 1306 914 μόχρις
1329 825 1368 893 ἀν
1390 828 1427 891 τό
1450 848 1521 892 πτ-

245 957 362 1039 ρίγτιυν
386 950 568 1018 συνίσταται
595 955 651 1016 καί
679 947 696 1016 ὁ
723 948 814 1038 ἥλιος
843 953 879 1018 τό
905 961 971 1018 πάν
994 947 1107 1038 ἐφορᾷ.
1132 948 1211 1016 τίδ’
1236 950 1315 1026 ἴσως
1341 954 1419 1016 ποτε
1447 960 1519 1014 τῶν

244 1083 363 1160 καιριῦν
385 1077 625 1161 πετραθησοραι
647 1073 668 1162 ἦ
692 1071 774 1148 όλως
802 1075 1052 1162 βυοληθήσομαο
1073 1071 1094 1162 ἢ
1118 1072 1135 1142 ὁ
1159 1072 1225 1150 υἱός
1252 1096 1313 1162 μου
1342 1073 1520 1142 ἀνακαλέ-

246 1201 371 1264 σασθαι
397 1194 483 1286 ἡμᾶς
509 1195 529 1285 ἢ
558 1200 652 1284 χάριν
682 1193 783 1263 αὐτῶν
818 1193 992 1284 ὑπόμνησιν
1019 1197 1040 1286 ἢ
1069 1195 1231 1286 ἀναρυράν
1258 1199 1313 1285 την
1343 1207 1519 1284 τυχοῦσαν

242 1324 466 1408 ποιησόμεθα,
491 1318 685 1386 ἀτεντεῦθεν
706 1317 759 1386 ἵνα
782 1317 983 1407 ἀσυμπαθάς
1013 1325 1107 1406 χάριν
1129 1326 1303 1406 προστίμου
1326 1315 1518 1386 ἀποπεσοῦ-

247 1465 304 1531 μεν
332 1448 447 1532 ζημίαν
475 1442 512 1508 ἐκ
540 1444 706 1530 θελησεως
727 1447 785 1508 καί
813 1439 983 1528 ἀρεσκείας
1004 1439 1094 1531 ἡμκῦν
1117 1441 1276 1532 θπίρπυρα
1305 1445 1415 1529 λίτρας
1439 1443 1519 1526 δύο,

250 1567 317 1633 εἶτα
344 1565 401 1632 καὶ
427 1569 484 1639 τάς
511 1565 591 1651 ἀράς
625 1565 881 1653 ἐπιστωσάμεθα
907 1577 969 1634 τάν
996 1573 1184 1653 τριακοσίων
1211 1568 1378 1633 δεκαοκτὼ
1409 1564 1520 1646 ἁγίων

249 1694 413 1779 θεορόρων
440 1693 583 1776 πατέρων
616 1699 676 1756 τῶν
705 1691 739 1758 ίν
771 1689 909 1774 Νικαίεη,
942 1693 999 1756 καί
1021 1685 1101 1776 τάρῦ
1135 1693 1191 1756 καί
1218 1691 1274 1776 την
1303 1695 1426 1777 μητέρα
1454 1699 1521 1754 τοῦ

248 1813 406 1902 ἀληθινοῦ
434 1815 513 1878 θεοῦ
542 1811 703 1878 ἀντίδικον
734 1811 778 1886 εὶς
806 1815 862 1898 την
890 1815 994 1900 ψυχήν
1030 1833 1092 1899 μου
1119 1810 1152 1878 ἐν
1180 1823 1219 1901 τη
1254 1813 1373 1902 φοβερᾷ
1403 1810 1522 1902 ἡμέρη

247 1947 303 2024 της
325 1942 469 2024 κρίσεως,
493 1933 537 2010 ὡς
561 1933 686 2002 ἀθετῶν
703 1940 758 2010 τάς
773 1937 852 2020 πρὸς
876 1930 972 2022 αάτην
989 1933 1027 2000 ἐκ
1043 1937 1211 2023 θελήστάς
1229 1959 1288 2024 μου
1308 1933 1520 2024 ὑποσχέσεις.

249 2058 711 2148 μηνίάπριλλίιρίνδ.
737 2059 860 2133 ζ’τοῦ
885 2059 1014 2145 σψμβ’
1040 2058 1226 2141 ἔπουςγ.

335 2180 513 2268 Μάρτυρες·
541 2180 686 2267 Ἰωάννης
714 2179 731 2246 ό
763 2181 954 2257 Κλαπατᾶς,
981 2181 1159 2272 ναοκληρος
1188 2178 1205 2247 ό
1237 2181 1387 2263 Ἰγνάτιος
1413 2181 1520 2250 Κων-

248 2316 422 2386 σταντίνος,
450 2301 635 2392 Νικήταςό
662 2302 883 2390 Ἃλμοζωμάς.

336 2443 420 2526 †‘0
447 2441 641 2531 εὐτελὴς
669 2443 838 2529 ἱερεθς,
867 2445 1064 2530 νομικός
1091 2449 1171 2510 καί
1198 2443 1269 2510 ἀπὶ
1296 2455 1378 2510 τῶν
1408 2445 1521 2534 δεη-

248 2566 1351 2658 αεωντῆςἁγιωτάτηςμητροπόλεωςΣμόρνης,
1376 2569 1523 2640 Νικό-

250 2694 361 2766 λαος
400 2689 417 2757 ὁ
455 2691 765 2779 Συρόπουλος,
805 2703 1045 2780 μαρτυρῶν
1086 2697 1165 2760 καί
1201 2699 1379 2782 γράψας
1415 2689 1522 2762 ὁπό-

251 2821 402 2904 γραόα
435 2821 465 2897 γ

376 3132 384 3144 .
517 3079 592 3148 OLI.
608 3081 682 3147 Sine
698 3102 789 3166 anno,
807 3101 913 3149 menso
929 3089 1072 3168 ungasto,
1089 3079 1154 3148 ind.
1171 3081 1237 3148 XII.

257 3229 414 3285 Ρτοτπίεεάο
430 3229 541 3292 Annas,
558 3233 654 3284 uxoris
673 3228 770 3302 Ακμείί
784 3229 948 3296 Μίεάαάίίε,
970 3239 997 3287 τί
1005 3231 1133 3306 filiorum
1151 3231 1185 3286 άε
1199 3233 1306 3286 vivario
1322 3229 1517 3303 θαφαίάίαα.

342 3377 939 3469 γἮέγγρατρυςὸρολυγία
967 3387 1295 3470 τῆςγυναικός
1322 3380 1520 3464 τοῦἈγ-

255 3501 990 3593 γὲλουέκείνουκυροθΜιχαηλ,
1015 3505 1520 3594 ττῦνθόουὶῶνκαίτῆς

255 3628 494 3711 θυγατρός
522 3630 659 3714 χάριν
687 3635 763 3692 τοῦ
793 3636 869 3712 τῆς
897 3627 1179 3716 Μαρπαθίας
1202 3630 1459 3717 λαμπιθίου
1484 3633 1519 3707 †.

344 3765 441 3847 Σίγνα
473 3763 602 3852 Ἄννης,
636 3775 691 3852 τῆς
726 3767 859 3852 ουμβίοο
897 3765 1030 3856 Μιχαὴλ
1063 3779 1118 3835 τοῦ
1157 3770 1327 3852 Ἀγγάλου,
1366 3767 1519 3838 Ἰωάννου

256 3890 422 3970 Ἀγγίλου,
446 3896 501 3952 τοῦ
524 3886 591 3952 οἱοῦ
619 3883 735 3966 αὐτῶν,
762 3887 875 3978 Καλῆς
895 3887 1097 3979 Ἀγγελίνης,
1124 3903 1180 3982 τῆς
1207 3896 1368 3981 θυγατρός
1396 3893 1517 3976 αὐτῶν,

256 4012 389 4100 Μιχαὴλ
412 4021 467 4078 τοῦ
490 4011 734 4087 Καλοθιοίκτου,
756 4019 812 4076 τοῦ
835 4011 903 4078 υἱοῦ
926 4011 1036 4081 αὐτῶν.

263 4231 266 4237 ¹
344 4152 442 4235 †’Ev
476 4149 607 4236 όνόματι
633 4171 664 4216 κ.
699 4173 726 4216 τ.
755 4148 780 4218 ά.
810 4147 873 4231 ἐγω
902 4151 1004 4220 Ἄννα
1037 4150 1056 4241 ἡ
1091 4153 1261 4236 Ἀγγελίνα
1293 4160 1419 4244 συνάμα
1450 4171 1519 4234 τοῖς

255 4281 395 4363 γνησίοις
418 4297 479 4362 μου
500 4271 607 4340 παισὶν
624 4323 631 4340 .
649 4321 682 4340 ..
707 4274 763 4360 την
785 4271 861 4359 παρ’
884 4269 973 4360 ἡμων
999 4273 1158 4366 ἔγγραφον
1178 4279 1410 4367 ἀοραλιστικην
1434 4302 1519 4368 γρα-

257 4400 317 4488 ρην
345 4401 410 4486 την,
438 4395 481 4472 ἀντ
510 4395 526 4462 ό
554 4397 650 4477 λόγος
679 4399 828 4466 κάτωθεν
858 4397 1044 4484 δηλώσειεν,
1073 4401 1108 4462 τά
1143 4397 1267 4488 ἀληθὲς
1294 4408 1350 4470 καί
1385 4406 1519 4488 βάβαιον

265 4522 403 4607 ἔχουσαν
438 4531 536 4587 ταῦτα
562 4529 818 4606 προσφωνοῦμαι,
846 4517 926 4605 ἅπερ
953 4523 1104 4600 γεγόνασι
1136 4528 1192 4590 καί
1219 4522 1429 4614 ἐπράχθησαν
1456 4533 1517 4616 πρὸ

260 4647 381 4730 χρόνων
402 4643 527 4724 ἱκανῶν,
553 4643 598 4709 ἔτι
624 4646 737 4718 ίτῦντος
760 4648 817 4710 καί
839 4652 893 4710 τοῦ
917 4642 1030 4729 ἀνδρός
1053 4667 1113 4732 μου
1137 4645 1267 4717 ἐκείνου.
1292 4649 1357 4718 ἐπεί
1384 4650 1516 4739 εἴχομεν

1332 4997 1351 5040 Ι
