3190 5284
1256 265 1320 334 10⁷

33 467 81 524 καί
107 467 399 548 μεμεριμνημένου
424 471 547 530 σκοποῦ
568 467 624 528 καί
648 467 792 550 σκέψεως
819 459 1052 550 ἠκριβωμένης,
1080 469 1137 548 τῆς
1161 463 1319 548 μηδέποτε

33 584 135 670 καιρηί
164 583 190 672 ἦ
220 587 331 671 χρόνῳ
353 587 646 673 παρασαλευθηναι
681 583 885 674 ὸφειλοώσης,
921 581 959 650 ού
993 583 1067 672 παρ’
1093 581 1182 672 η’μών
1217 580 1320 649 αδτῦν

32 719 85 772 τών
111 705 340 794 ἐκδιδομένων
365 711 492 796 ταύτην,
517 705 554 774 ού
578 715 651 794 παρ’
676 707 784 795 έτέρου
808 717 996 790 συγγενικοῦ
1018 711 1188 795 προσώπου
1214 705 1235 796 ἧ
1264 711 1320 772 καί

32 830 306 917 ηλλοτριωμένου,
345 831 431 898 ἀλλὰ
464 843 570 898 πᾶσαν
603 832 697 918 ίοχόν
732 833 787 918 τὴν
815 831 853 898 ἐκ
887 843 947 896 τών
982 834 1179 920 φιλευσεβών
1214 835 1318 916 νόμων

32 955 230 1043 ίφείλοοσαν
270 955 359 1042 ἔχειν
395 957 429 1030 ές
465 955 526 1022 ἀεί·
561 961 618 1022 καί
646 960 706 1042 γὰρ
734 955 842 1043 ἐπειδη
872 955 908 1020 έκ
941 967 1001 1020 τών
1032 958 1142 1030 καλώς
1164 961 1318 1042 κειμένων

32 1083 125 1144 θείων
155 1083 272 1164 νόμων
302 1078 398 1144 ἄδεια
431 1077 489 1144 καὶ
516 1078 643 1155 ἐξουσία
671 1079 848 1166 δεδώρηται
877 1079 922 1154 εἰς
950 1083 985 1144 τύ
1014 1083 1054 1144 τὰ
1082 1079 1185 1144 οἰκεία
1211 1082 1317 1164 πράγ-

33 1224 128 1288 ματα,
149 1200 216 1298 οἷς
247 1200 288 1266 ἂν
319 1201 472 1280 ἐθέλοιεν,
498 1199 727 1268 ἀποποιεῖσθαι
755 1207 810 1268 καί
834 1201 868 1266 δν
893 1200 931 1266 ἂν
963 1204 1048 1288 θέλη
1072 1206 1197 1287 τρόπον,
1232 1206 1318 1266 κατὰ

33 1336 120 1390 τοῦτο
147 1329 213 1390 καί
244 1319 340 1410 ἡμεῖς
369 1323 399 1390 οἱ
426 1323 551 1390 ἄνωθεν
579 1333 633 1390 τοῦ
661 1329 817 1411 παρόντος
845 1323 1079 1410 ίκδοτηριακοῦ
1104 1323 1318 1414 έγγράφου,δ

34 1453 84 1532 μὲν
105 1451 292 1535 προτάξας,
316 1446 350 1512 αί
365 1448 401 1512 δέ
417 1452 726 1536 σιγνογραφησασαι,
753 1451 795 1535 μὴ
813 1451 983 1534 δυνάμενοι
1006 1449 1174 1535 διενεργεῖν
1198 1453 1238 1514 τὰ
1261 1459 1318 1535 της

34 1581 126 1659 μονῆς
156 1567 258 1657 ἡμῶν
282 1579 340 1636 τοῦ
365 1569 398 1636 έν
421 1568 525 1652 ἁγίοις
550 1571 833 1658 μεγαλομάρτυρος
860 1571 885 1638 Γ
887 1578 1020 1658 εωργίου
1044 1582 1099 1638 τοῦ
1124 1576 1318 1662 τροπαιοφό-

34 1719 83 1780 ροο
100 1704 160 1782 τῆς
179 1699 244 1760 καί
266 1690 349 1760 ούτω
364 1717 431 1768 πως
447 1694 610 1782 ἐγχωρίως
625 1696 828 1784 καλουμένης
851 1699 891 1760 τά
908 1695 1145 1783 Σκουρβούλλα,
1170 1695 1213 1770 ώς
1230 1702 1318 1783 (τῆς)

34 1831 128 1907 μονῆς
145 1818 186 1885 ὂν
204 1823 244 1884 τό
264 1828 407 1886 τοιοῦτον
422 1831 554 1905 πρᾶγμα
568 1818 625 1884 καὶ
638 1817 680 1894 ώς
698 1819 743 1904 αρ’
758 1822 827 1906 θεῷ
844 1819 877 1896 ἐξ
893 1819 1055 1886 ἀνέκαθεν
1072 1821 1245 1903 δεδομένου
1261 1818 1319 1884 καί

34 1949 107 2028 προς
126 1947 357 2032 κριματισμόν
378 1944 588 2008 δικαιώτατον
605 1941 738 2016 ἑαυτούς
753 1946 1058 2030 καθυποβάλλοντες
1079 1951 1135 2008 καί
1154 1945 1319 2030 θεήλατον

36 2067 189 2154 οργισμόν
211 2070 500 2152 περισυνάπτοντες
516 2053 556 2132 δι’
573 2063 681 2138 αύτοῦ,
702 2069 855 2142 πλειόνως
870 2069 906 2132 δὲ
923 2068 1075 2144 δεδιότες,
1099 2070 1142 2154 μή
1158 2089 1224 2142 πως
1240 2087 1321 2152 συμ-

37 2197 256 2278 ρετάοχωμτν
269 2195 327 2254 καί
342 2185 434 2276 ἡμεῖς
446 2201 505 2254 τών
523 2189 773 2278 δκφωνηθέντων
789 2195 889 2256 θείων
903 2186 1052 2277 ῥημάτων
1068 2193 1155 2277 παρὰ
1167 2199 1222 2258 τοῦ
1238 2213 1321 2277 πρω-

38 2320 259 2404 τοκορυφαίοο
280 2311 314 2378 έν
332 2312 523 2388 ἀποστόλοις
538 2313 660 2400 Πέτρου
682 2315 734 2380 δπί
749 2337 782 2380 τε
802 2317 846 2400 τῷ
865 2315 998 2400 Ἀνανία
1014 2319 1070 2380 καί
1086 2327 1125 2402 τῇ
1147 2314 1320 2402 Σαπφείρφ,

38 2440 216 2524 ἐτδοῦωμεν
250 2447 289 2524 τῇ
318 2437 470 2523 εἰρημένη
498 2433 587 2524 ἡμῶν
616 2449 697 2525 μονη
726 2437 776 2503 ίπί
804 2449 844 2524 τη
867 2439 1114 2524 σεβασμιωτάτη
1138 2441 1194 2502 καί
1222 2438 1317 2520 βασι·

38 2565 108 2649 λικη
137 2571 229 2648 μονῇ
260 2569 318 2646 τῆς
344 2553 520 2646 ύπεράγνοο
548 2563 750 2646 θεομητορος
783 2557 872 2647 ἡμῶν
897 2570 952 2648 τῆς
986 2559 1232 2648 Λεμβιωτίσσης
1262 2564 1319 2626 καί

40 2686 418 2772 ιζικοιθηγοομενεύοντι
441 2686 551 2772 ταύτῃ,
575 2687 735 2770 θειοτάτῳ
760 2683 963 2772 ἱερομονάχιρ
986 2685 1072 2772 κυριρ
1094 2685 1238 2772 Ἰωάννη,
1262 2688 1318 2753 καί

40 2822 97 2884 τοῖς
131 2807 186 2876 ὁπ’
224 2805 325 2894 αὐτὴν
361 2803 478 2872 ἅπασιν
513 2805 713 2888 δστωτάτοις,
748 2811 824 2895 μεθ’
859 2806 901 2874 ών
929 2812 1085 2894 κέκτηται
1112 2812 1316 2894 πραγμάτων,

41 2931 152 3000 δισίων
183 2936 245 2998 καί
268 2929 351 2998 δσων
376 2929 472 2997 ὄντων
495 2943 556 2996 τών
580 2932 721 2998 ἔκπαλαι
747 2936 1026 3020 προσενεχθέντων
1050 2931 1107 2998 καὶ
1133 2953 1318 3018 προσκυρο-

41 3061 159 3122 θίντων
190 3058 294 3142 ταύτη
320 3061 524 3144 χωραφιαίων
547 3055 676 3140 τοπίων,
713 3055 916 3144 ἀμπελώνων,
941 3055 1078 3122 ἐλαῐκῦν
1101 3057 1238 3142 δένδρων
1261 3053 1319 3122 καί

43 3179 190 3258 ἀλλοίων,
216 3178 359 3264 ώσπερεί
379 3177 436 3244 καί
458 3184 706 3265 περιορίζονται.
731 3179 886 3266 ἄρχονται
909 3186 1011 3247 τοίνυν
1033 3178 1095 3246 ἀπὸ
1119 3187 1173 3279 τφῦ
1198 3177 1244 3252 τίς
1262 3181 1318 3264 την

42 3303 123 3370 λ’ἑαν
147 3313 308 3392 κρημνοῦ,
333 3305 565 3386 καταβαίνουσι
587 3305 639 3368 τόν
665 3303 769 3370 ἐκεῖσε
798 3299 913 3388 ῥύακα,
939 3308 1068 3390 ζητοῦσι
1091 3306 1240 3368 κάτωθεν
1264 3307 1317 3369 τόν

44 3426 139 3512 μέγαν
170 3439 295 3514 πρῖνον,
320 3426 520 3513 εἰσέρχονται
543 3429 598 3513 την
626 3437 683 3514 της
710 3430 914 3514 πανηγύρεως
942 3437 997 3492 τοῦ
1018 3423 1113 3506 ἁγίου
1135 3426 1318 3514 Παντελείγ-

44 3574 134 3636 μονος
164 3552 333 3638 λεωφόρον
358 3545 435 3614 δδόν
463 3551 518 3636 τὴν
547 3552 752 3636 διακειμένην
776 3549 901 3616 ἄνωθεν
926 3559 981 3637 τῆς
1005 3551 1133 3636 λίμνης,
1159 3547 1319 3636 ἀπέρχον-

44 3697 90 3737 ται
116 3670 146 3738 δ’
179 3673 219 3738 ἐκ
250 3674 378 3758 βορείου
405 3677 519 3758 μέρους
547 3673 686 3760 τήντης
717 3673 923 3759 δηλωθείσης
956 3675 1162 3760 πανηγύρεως
1187 3675 1320 3758 ἀγορὰν,

46 3795 116 3882 ίεερ
145 3801 207 3862 καί
237 3794 502 3862 ἀποκαταντῦσιν
536 3793 581 3869 είς
608 3797 664 3881 την
700 3793 763 3862 ἀπὸ
791 3804 846 3862 τοῦ
880 3794 1050 3884 Νυμφαίου
1078 3793 1321 3884 κατερχομένην

45 3917 122 3999 ύῦύν,
147 3925 209 3986 καί
234 3919 467 4004 ἀκουμβίίουσι
489 3923 567 4005 πρός
592 3920 647 4005 την
670 3917 880 4006 Χασκαυγην,
905 3917 968 3986 ἀπὸ
991 3921 1108 4007 ταύτης
1132 3917 1321 4004 άνέρχονται

48 4043 135 4129 μέρος
172 4043 451 4127 άνατολικώτερον
485 4046 541 4108 καί
579 4037 737 4122 ὑπάγουσι
771 4044 826 4130 την
867 4053 1002 4128 μεσαίαν
1040 4044 1225 4129 καχληκίαν
1264 4037 1321 4106 καί

50 4165 307 4234 τεοκοιταντώσιν
345 4165 390 4239 τίς
417 4167 473 4251 την
502 4173 557 4230 τοῦ
592 4163 698 4249 Ούβου
723 4161 827 4252 ῥάχιν,
860 4163 958 4252 ἤγουν
994 4175 1049 4232 τοῦ
1074 4163 1167 4245 ἁγίου
1201 4163 1319 4240 Ἠλίου,

50 4293 187 4357 κλείουσι
211 4295 251 4358 τὰ
274 4289 413 4354 εἴσωθεν
437 4297 492 4354 τοῦ
516 4291 660 4354 τοιούτου
681 4287 788 4372 Ούβου
811 4288 869 4357 καί
896 4292 1074 4376 φθάνουσιν
1103 4287 1164 4362 ἕως
1188 4291 1321 4370 ταυτησί

52 4423 98 4498 τῆς
123 4425 231 4502 μονῆς
246 4423 305 4480 τοῦ
331 4410 423 4491 ἁγίου
451 4409 620 4497 Γεωργίου.
647 4409 684 4478 ἐκ
708 4417 813 4478 νοτίου
842 4417 957 4498 μέρους
980 4410 1175 4497 ἀπέρχονται
1198 4410 1243 4484 είς
1267 4413 1320 4476 τύν

52 4535 178 4623 Πιτορᾱν
202 4543 262 4604 καί
288 4535 539 4620 ἀκουμβίζουσιν
568 4535 613 4606 είς
642 4537 695 4600 τών
717 4539 941 4620 προρρηθέντα
969 4537 1110 4622 κρημνὸν
1138 4543 1195 4620 τῆς
1222 4533 1320 4612 Νέας,

54 4659 124 4728 ἔνθα
146 4669 200 4730 καί
217 4661 372 4750 ἤρξαντο.
398 4658 509 4746 ἀμέλει
533 4661 657 4726 καίδτὰ
682 4669 736 4724 τοῦ
761 4658 994 4744 ίκδοτηριακοῦ
1019 4656 1108 4746 ἡμῶν
1132 4662 1320 4745 γράμματος
