3168 5274
1245 307 1308 368 303

23 485 24 554 ί
57 496 222 575 τιβούλλιον
258 506 413 580 προσοῶσι
449 507 486 583 τη
525 507 606 582 μονη
641 501 770 580 χωρίοις
807 501 949 583 ψυχικῶν
985 499 1179 583 σφαλμάτων
1214 496 1309 562 ἕνεκα

58 617 254 702 ἀνακρίσεως,
283 633 525 705 πατριαρχικοῐς
554 615 641 683 ούσιν
671 617 841 684 ἀνὲκαδεν.
870 617 890 706 ἡ
920 627 994 699 γούν
1032 625 1197 706 μετριότης
1220 619 1308 707 ἡμῶν

58 754 134 806 τοῦτο
160 747 218 828 μὲν
243 747 298 806 καί
324 747 358 807 τύ
382 743 513 828 ἰσχυρῶν
538 743 625 828 ἔχειν
650 745 685 806 τύ
713 745 820 815 καλῶς
845 747 975 823 γεγονὸς
1000 749 1130 830 γράμμα
1160 755 1215 810 τοῦ
1241 743 1310 809 ἀοι-

57 872 134 950 δίμου
161 871 364 953 πατριάρχου
392 877 489 952 κυρού
517 865 681 952 Γερμανού
713 865 888 944 ἐθέλουσα,
920 867 1025 940 ἄλλως
1054 891 1086 931 τε
1110 869 1145 932 δὲ
1173 873 1228 934 καί
1252 879 1308 932 τού

22 1011 23 1040 ³
58 1003 106 1064 τοῖς
134 991 321 1064 ἐπισκόποις
350 989 566 1076 ἐπηρτημένου
595 985 741 1056 κινδύνου
770 989 808 1056 ἐκ
832 1001 887 1076 τῆς
911 1001 970 1054 τῶν
995 989 1168 1076 ἀλλοτρίων
1196 991 1307 1074 ἐπιβα-

57 1121 112 1188 τίας
135 1113 342 1200 ἐξαιρεθῆναι
366 1111 481 1188 αύτούς
507 1117 695 1201 βουλομένη,
722 1113 751 1180 εὶ
775 1113 909 1200 ἀληθῶς
932 1125 991 1180 τῶν
1016 1116 1058 1200 μή
1081 1114 1168 1180 ἰδίων
1191 1137 1307 1180 κατεπ-

21 1286 22 1348 η
56 1241 199 1324 ιμβαίνειν
233 1209 426 1323 παραλόγως
454 1236 630 1324 δρέγονται,
665 1239 835 1324 διορίζεται
864 1239 915 1302 διὰ
945 1249 998 1302 τού
1026 1243 1179 1325 παρόντος
1209 1237 1305 1325 αύτης

57 1369 242 1448 γράμματος,
279 1363 401 1448 μηδένα
429 1373 488 1426 τῶν
517 1360 715 1448 ὁμορούντων
744 1375 781 1449 τη
812 1375 891 1450 μονη
922 1361 1109 1440 ἐπισκόπων,
1133 1365 1217 1449 ’μήτε
1246 1365 1306 1448 μὴν

56 1490 91 1550 ιύν
125 1487 306 1571 Ἀμαίίονος
341 1485 427 1572 ἔχειν
462 1489 530 1549 τινὰ
564 1485 767 1571 παρείσδυσιν
806 1484 838 1549 ἐν
873 1499 936 1559 τοῖς
971 1487 1024 1549 διὰ
1063 1485 1306 1572 χρυσοβούλλων

56 1621 192 1694 τροσούσι
220 1621 259 1696 τῇ
287 1618 342 1674 τού
371 1607 463 1689 ἁγίου
486 1609 617 1674 Παύλου
642 1621 722 1696 μονη
746 1622 987 1696 πατριαρχικοῑς
1011 1615 1139 1706 χωρίοις
1163 1613 1306 1695 ψυχικῶν

57 1735 233 1821 τραλμάτων
256 1731 351 1798 ἕνεκα
383 1731 586 1818 ἀνακρίσεως,
613 1732 645 1798 ἐν
670 1731 716 1806 οἷς
741 1727 891 1798 ούδέποτε
917 1733 1095 1818 εἰσήρχετο·
1125 1731 1153 1796 εί
1177 1736 1238 1816 γὰρ
1264 1733 1308 1816 αρ’

55 1857 258 1944 τατριαρχικῷ
284 1853 406 1942 ἐξύρχῳ
430 1853 449 1942 ἡ
475 1854 578 1922 ἐκεῖσε
607 1855 731 1928 εἴσοδος
756 1858 1001 1942 ἀπυτειχίίεται,
1026 1853 1068 1928 ῶς
1088 1861 1144 1920 καί
1167 1867 1222 1942 τῆς
1246 1865 1305 1920 τῶν

57 1981 223 2056 ’τιτούτοις
251 1981 290 2068 δη
321 1995 384 2056 τοῖς
413 1986 543 2068 χωρίοις
571 1987 680 2068 ψυχῶν
708 1989 921 2067 πνευματικῆς
949 1981 1144 2066 διεξαγυγῆς
1167 1983 1223 2044 καί
1246 2001 1305 2043 κυ-

56 2109 217 2193 βερνήσεως
246 2105 497 2192 ἀνατεθειμίνης
521 2105 565 2192 τῷ
587 2115 643 2193 τῆς
668 2115 767 2192 μονῆς
791 2107 1043 2193 καδηγουμένιμ,
1072 2115 1137 2178 πῶς
1161 2103 1178 2170 δ
1201 2105 1304 2190 Ἀμύ-

56 2235 128 2303 ζονος
157 2229 331 2306 ἐπίσκοπος
359 2229 526 2316 ἀμετύχιος
562 2228 594 2296 ἐν
623 2243 686 2304 τοις
714 2241 954 2316 πατριαρχικοῖς
986 2229 1129 2294 είσέλθοι
1158 2228 1305 2306 δικαίοις,

55 2351 122 2442 είμη
141 2375 177 2433 γε
201 2355 352 2438 βούλεται
368 2351 471 2418 ἑκοντί
494 2365 562 2428 ταῖς
585 2365 769 2428 κανονικαίς
786 2348 936 2428 εύδύναις
958 2349 1137 2432 ύποπεοεῖν;
1163 2353 1307 2418 ἔστωσαν

55 2488 114 2554 γοῦν
140 2483 196 2542 καί
227 2473 322 2550 αύδις
350 2481 389 2542 τὰ
424 2473 482 2542 ύπύ
513 2477 568 2563 την
597 2486 651 2542 τού
681 2473 773 2556 ἁγίου
802 2477 931 2543 Παύλου
961 2479 1058 2563 μονήν
1088 2481 1309 2564 πατριαρχικὰ

55 2606 139 2686 χωρία
168 2597 227 2666 ύπύ
264 2601 318 2687 τήν
347 2609 402 2665 ταῶ
437 2597 615 2688 ἡγουμένου
644 2595 742 2686 αύτῆς
776 2601 989 2688 πνευματικὴν
1024 2602 1220 2687 διεξαγωγὴν
1248 2607 1305 2666 καί

18 2737 19 2782 ι
56 2723 204 2811 διοίκησιν,
230 2722 273 2797 ῶς
297 2727 333 2790 τύ
356 2725 517 2810 πρότερον,
543 2723 660 2788 είδίναι
684 2722 882 2812 δρείλοντος,
912 2721 954 2798 ῶς
977 2725 1073 2804 λόγον
1098 2720 1202 2811 ύρέξει
1225 2721 1305 2811 ύπέρ

18 2823 20 2918 ί
56 2844 136 2912 αὐτῶν
158 2847 202 2935 τῷ
225 2849 302 2935 θεῷ·
328 2851 384 2922 τὰς
409 2853 573 2934 μέντοιγε
596 2851 809 2933 καθιερῶσαις
832 2857 892 2912 τῶν
917 2847 948 2912 ἐν
966 2846 1070 2921 αύτοῖς
1094 2846 1299 2933 ἀνεγειρομέ-

55 2993 99 3034 νον
123 2983 203 3037 ναῶν
238 2969 289 3036 ἐπὶ
317 2977 563 3058 σταυροπηγίοις
596 2983 839 3058 πατριαρχικοίς
872 2975 928 3036 καί
962 2975 1018 3044 τὰς
1053 2981 1112 3035 τῶν
1149 2969 1299 3056 ἱερᾶσθαι

18 3089 19 3180 ψ
55 3095 211 3177 μελλόντων
240 3099 439 3182 χειροτονίας
467 3092 529 3182 ούχ
556 3093 572 3161 δ
596 3095 776 3181 Ἀμαίζονος
804 3099 899 3181 μόνον
931 3093 1175 3174 ἐναγκαστικῶς
1201 3099 1296 3181 ποιη-

18 3185 19 3274 ύ
56 3239 100 3295 σει,
127 3219 206 3285 ἀλλὰ
242 3225 300 3285 καί
328 3219 389 3284 ἀπὸ
418 3229 477 3283 τῶν
506 3217 620 3303 ἑτέρων
650 3217 831 3305 ἀρχιερέων,
862 3217 896 3283 δν
926 3217 963 3284 ἂν
992 3219 1252 3306 μετακαλέοηται
1280 3217 1296 3282 ὁ

54 3346 291 3429 καθηγούμενος,
317 3341 614 3428 ἀπροκριματίστυς
639 3338 737 3416 αύτύις
761 3339 929 3407 ἐκτελέσει.
955 3343 1009 3406 διὰ
1026 3346 1086 3426 γὰρ
1110 3343 1296 3420 τούτοέγε-

55 3469 126 3542 γύνει
143 3473 197 3534 καί
222 3471 258 3534 τύ
282 3471 381 3554 παρύν
405 3471 537 3553 γροίμμα
561 3477 615 3554 τῆς
638 3464 727 3554 ἡμῶν
749 3469 967 3552 μετριύτητος,
987 3464 1111 3554 ἐρεῖλυν
1135 3477 1296 3551 προσεῖναι

54 3599 82 3675 τῇ
103 3605 175 3680 μονῇ
199 3593 244 3667 είς
270 3590 448 3680 ἀσφάλειαν
471 3595 500 3670 †.

291 3875 341 3942 νι.
360 3875 618 3958 [υιιι-ιοεογ,
637 3893 743 3940 mense
761 3835 879 3950 m'artio,
899 3873 963 3938 ind.
981 3873 1032 3937 ιιι.

88 4039 259 4098 Ρααίοτοία
274 4040 436 4096 Germanum
452 4041 498 4099 II.
514 4041 664 4114 Νοιιρίίιω
681 4042 829 4113 confirmat
843 4043 1045 4096 monasterium
1061 4038 1206 4108 Ζίριίιταε
1222 4048 1247 4090 ιι

111 4169 229 4235 praedia
244 4167 428 4238 Βαρίιπααασ
444 4177 470 4222 αι
485 4163 570 4238 Anyti
584 4167 712 4220 subiecta
727 4183 786 4219 ποια
801 4164 971 4220 monasterio
987 4161 1217 4234 Ιδαρίιίαιιοναοι.

125 4333 1291 4422 γΓερμανού,,τούἁγιωτάτουκαίοίκουμενικού

53 4465 344 4546 πατριάρχου,
391 4459 634 4538 σιγίλλιον
683 4465 1041 4543 προσαψιερούν
1087 4465 1135 4542 τη
1175 4465 1290 4539 μονῇ

54 4575 1288 4671 τῶνῬοοριανῶντίγντεΖιγρίτζανκαίτάύπάύτην

55 4702 1025 4792 μετύχια,“τὴνΔαφναίανκαίτηνίλξύλον.
