3190 5284
241 263 302 326 120

239 451 333 532 ἁγίου
349 453 536 538 πνεύματος.
555 450 700 537 Ἰωάννης
716 449 816 538 ἱερεύς
830 447 846 516 ό
860 449 993 523 Πωλέας
1009 449 1062 514 διά
1075 458 1131 536 τῆς
1148 443 1337 534 αύτοχείρου
1355 466 1415 533 μου
1431 465 1517 532 προ-

237 587 338 664 ταγής
361 577 558 664 δηλούμενος
578 579 634 640 καί
658 575 775 660 Θωμᾶς
798 571 815 638 ὁ
840 577 970 660 γνήσιος
993 569 1060 646 υἱός
1087 567 1184 638 αὐτοῦ
1208 569 1225 636 ό
1249 574 1303 636 τόν
1326 574 1429 656 τίμιον
1453 572 1516 634 καί

237 703 391 774 (ωοπυιόν
408 701 543 784 σταυρόν
568 691 785 783 οίκειογέίρως
808 701 956 782 ποιήσας,
980 695 1011 761 οί
1031 693 1093 760 ἀπό
1117 703 1173 782 ιής
1194 693 1319 780 ένορίας
1339 703 1396 781 τῆς
1416 692 1515 759 λίαν·

238 824 329 897 ταίας
354 822 541 909 ὁρμώμενοι,
571 823 626 907 τήν
653 829 816 906 παροῦσαν
842 820 1001 907 ἔγγραφον
1029 823 1084 883 καί
1113 817 1331 905 ένυπόγραφον
1356 813 1514 882 ἀπεκτείν-

237 951 297 1014 δεν
327 944 429 1033 ἁπλῆν
458 947 578 1030 δωρεάν
607 955 666 1007 των
700 945 849 1007 κάτωθεν
877 943 1156 1029 δηλωθησομόνων
1192 940 1329 1006 έλαϊκῶν
1361 941 1513 1026 δένδρων,

237 1081 341 1136 πᾶσαν
371 1069 408 1134 ἐκ
443 1079 503 1133 τῶν
531 1069 731 1150 πανευσεβιυν
766 1070 870 1151 νόμων
903 1065 997 1152 ἰσχύν
1024 1069 1080 1130 καί
1112 1067 1250 1152 δύναμιν
1285 1065 1425 1150 ἔχουσαν
1453 1066 1516 1128 καί

238 1194 394 1279 μηδαμῶς
422 1191 485 1258 ἀπό
510 1201 564 1256 τοῦ
588 1201 640 1256 νῦν
664 1195 739 1256 ποτὲ
764 1189 864 1275 καιρῷ
886 1188 906 1276 ή
930 1193 1035 1276 χρόνῳ
1059 1187 1079 1276 ή
1103 1193 1160 1253 καί
1187 1186 1246 1274 δφέ
1270 1209 1346 1252 ποτε
1371 1184 1515 1272 ἀνατρα-

236 1325 333 1402 πήναι
361 1313 381 1401 ή
412 1313 555 1380 όπωσυύν
582 1315 872 1399 παρασαλευθήναι
899 1311 1101 1400 ὀφείλουσαν,
1126 1309 1163 1376 ού
1191 1309 1264 1396 παρ’
1292 1307 1381 1398 ἡμῶν
1406 1305 1515 1374 αύτῶν

237 1449 297 1504 τῶν
326 1440 574 1524 δωρησαμίνων,
603 1435 639 1502 ού
663 1441 750 1523 παρά
774 1457 855 1509 τινος
879 1445 934 1501 τοῦ
964 1441 1077 1521 μέρους
1099 1431 1188 1522 ἡμῶν
1212 1446 1272 1498 των
1299 1434 1516 1520 κληρονόμων

237 1567 294 1628 καί
328 1563 487 1648 διαδόχων
522 1567 578 1626 καί
611 1561 767 1627 παντοίων
801 1557 890 1647 ἡμων
915 1571 974 1624 τῶν
1010 1561 1226 1644 διακατόχων,
1261 1559 1424 1642 τιθέμεθα
1452 1561 1516 1620 καί

236 1695 387 1772 ποιοῦμεν
416 1683 568 1758 ἑκουσίως
596 1689 652 1750 καί
682 1683 945 1772 ἀμεταμελήτως,
974 1685 1131 1768 καθαρῶς
1153 1687 1211 1748 καὶ
1234 1679 1429 1768 ἀπεριέργως
1452 1685 1515 1744 καὶ

238 1808 330 1882 ἐκτός
353 1813 470 1894 τρόπου
494 1812 609 1881 παντός
633 1812 689 1872 καί
712 1812 971 1894 περινενοημὲνου
996 1815 1117 1872 σκοποῦ
1141 1809 1219 1890 πρός
1243 1809 1291 1882 σὲ,
1313 1808 1367 1870 τόν
1389 1807 1515 1869 θεοσε-

239 1935 390 2017 βέστατον
430 1931 516 2018 ἱερέα
555 1935 611 1996 καί
644 1933 860 2016 περιπόθητόν
890 1953 949 2016 μου
979 1929 1162 2018 ὲΕάδελφον,
1202 1937 1262 2014 κύρ
1295 1927 1423 1995 Λέοντα
1456 1931 1518 1992 τόν

237 2055 463 2142 Μουτίηίλρᾱν,
487 2057 540 2118 τόν
565 2053 706 2119 ἀπὸτοῦ
730 2058 871 2138 κάστρου
895 2053 1039 2140 Σμύρνης
1063 2051 1254 2140 ὁρμώμενον,
1284 2056 1340 2117 καί
1367 2052 1422 2116 διὰ
1453 2059 1516 2116 σού

238 2182 315 2266 πρός
338 2183 374 2244 τὸ
399 2173 457 2242 όπό
483 2181 518 2241 σὲ
543 2175 626 2242 ἅπαν
651 2181 760 2262 μέρος,
795 2177 1024 2263 κληρονόμους,
1053 2179 1226 2263 διαδόχους
1261 2175 1318 2242 καὶ
1344 2179 1517 2248 παντοίους

239 2304 312 2374 τούς
340 2301 556 2386 διακατόχους
584 2321 656 2376 σου,
687 2302 801 2374 καθύς
830 2301 1069 2387 δηλωθήσεται.
1100 2305 1155 2364 καὶ
1180 2303 1241 2386 γάρ
1265 2301 1305 2364 δι’
1329 2300 1367 2386 ήν
1391 2303 1518 2386 κεκτή-

241 2427 332 2510 μεθα
360 2424 580 2509 χριστιανικήν
614 2427 812 2502 συγγένειαν,
849 2421 975 2510 ἀγάπην
1005 2427 1061 2486 καί
1089 2421 1225 2509 ἄμετρον
1260 2424 1351 2510 τιμήν
1378 2427 1437 2487 καί
1469 2421 1518 2495 είς

241 2551 365 2634 μνήμην
395 2557 454 2612 τῶν
483 2545 601 2624 γονέων
629 2543 718 2632 ἡμῶν
746 2549 802 2610 καὶ
825 2546 879 2610 διὰ
908 2549 964 2619 τὰς
987 2546 1111 2619 πολλάς
1134 2543 1332 2632 εὐεργεσίας,
1359 2547 1397 2618 ἅς
1421 2545 1516 2632 εἴχο-

241 2691 297 2758 μεν
324 2669 385 2736 ἀπὸ
410 2678 477 2745 σοι’),
514 2670 707 2754 δωρούμεθα
736 2691 786 2734 σοι
811 2665 872 2734 ἀπό
897 2677 951 2734 τού
976 2665 1052 2734 όλου
1077 2674 1187 2755 στίχου
1213 2681 1272 2735 τῶν
1296 2681 1431 2750 γονικων
1455 2675 1518 2734 καί

241 2794 484 2880 κληρονομικιῐιν
512 2789 611 2879 ἡμῶν,
648 2791 822 2880 όλαιόφυτα
844 2795 1015 2878 τριάκοντα
1050 2794 1106 2858 σύν
1129 2795 1252 2866 τούτοις
1278 2805 1344 2867 τοῖς
1367 2795 1424 2860 δύο
1451 2815 1520 2858 πα-

242 2917 344 2990 λαιοῖς
368 2915 414 3000 τηί
437 2913 565 3001 ἀριθμῷ
588 2918 645 2988 τὰς
669 2913 795 2980 ἄνωθεν
819 2925 873 2981 τού
897 2915 1143 3002 Ἀνεμολέοντος
1168 2920 1263 3003 μέχρι
1286 2921 1343 2982 καί
1367 2925 1421 2982 τοῦ
1446 2913 1524 2982 Αύ-

242 3042 357 3106 λακίυυ
382 3043 462 3126 μετὰ
477 3042 533 3102 καί
557 3047 611 3104 τού
637 3035 813 3126 ἀνήκοντος
837 3036 939 3104 αὐτῶν
963 3035 1146 3125 ύδροπστού,
1170 3037 1252 3105 ι’ύστε
1277 3038 1339 3106 ἀπό
1364 3048 1418 3104 τοῦ
1435 3061 1523 3126 παρ-

241 3168 331 3236 όντος
359 3168 416 3228 καί
444 3167 540 3249 μέχρι
570 3166 754 3236 συστάσεως
782 3163 874 3227 τούδε
902 3171 956 3227 τοῦ
980 3167 1105 3249 κόσμου
1128 3168 1230 3252 πάντη
1254 3162 1394 3251 δφείλεις
1417 3171 1520 3230 κατέ-

144 3363 148 3370 ,
241 3307 309 3374 χειν
344 3291 400 3351 καὶ
434 3289 602 3360 δεσπόζειν
636 3290 676 3352 τά
711 3295 841 3350 τοιαύτά
869 3285 986 3371 δένδρα
1020 3291 1100 3372 μετὰ
1129 3297 1192 3352 τῶν
1216 3289 1424 3374 κληρονόμων
1460 3294 1521 3354 καὶ

243 3410 407 3495 διαδόχων
429 3413 485 3472 καί
500 3415 655 3474 παντοίων
679 3420 739 3472 τῶν
763 3410 968 3494 διακατόχων
991 3431 1049 3474 σου
1069 3415 1193 3495 κυρίως,
1219 3406 1427 3490 αύδεντικιῐις,
1451 3411 1520 3477 ἰδι-

242 3543 307 3605 κως
342 3537 398 3595 καί
427 3542 625 3618 μονομεριός,
655 3531 925 3618 ἀπαρασπάστως,
961 3531 1133 3607 ἀκωλύτως
1167 3539 1223 3598 καί
1262 3531 1520 3622 ἀνεπιφωνήτως,
1583 3561 1584 3568 “

243 3655 354 3720 ἄδειαν
384 3653 517 3740 ἔχοντός
546 3677 603 3718 σου
630 3660 686 3720 καί
713 3665 820 3722 πάσαν
848 3657 994 3731 ἐξουσίαν
1022 3665 1076 3720 τού
1105 3657 1292 3742 δωρεῖσθαι,
1330 3657 1374 3732 είς
1400 3671 1526 3745 προῖκα

243 3783 300 3843 καὶ
328 3779 548 3864 κληρονόμους
582 3782 638 3840 καί
662 3780 836 3865 διαδόχους
866 3801 922 3842 σου
949 3779 1216 3865 καταλιμπάνειν,
1246 3783 1303 3844 καί
1330 3781 1451 3862 ἄλλως,
1477 3781 1524 3858 ὣς

245 3902 330 3976 δόξει
354 3923 413 3982 σοι,
437 3905 476 3964 τά
500 3895 576 3985 ύπὲρ
601 3896 702 3966 αότιῐιν
718 3902 848 3966 διοικεῖν
872 3905 928 3965 καί
945 3900 1133 3988 σίκονομεῐν,
1151 3907 1237 3968 κατὰ
1260 3907 1313 3969 τόν
1338 3903 1527 3989 ἀρέσκοντα

244 4025 371 4110 δηλαδή
396 4028 451 4089 καί
474 4023 757 4110 νομιζόμενόνῖσοι
780 4029 907 4109 τρόπον,
931 4027 1025 4090 καθά
1048 4025 1159 4112 καίζοὶ
1182 4029 1267 4092 θεῖοι
1289 4033 1347 4092 καί
1369 4027 1525 4116 φιλευσε-

245 4149 310 4232 βείς
338 4151 430 4234 νόμοι
458 4161 521 4220 τοῖς
551 4150 682 4220 τελείοις
710 4148 879 4219 δεσπόταις
914 4147 969 4234 τήν
998 4147 1145 4224 ἐξουσίαν
1168 4153 1363 4237 παρέχουσιν
1392 4149 1428 4216 έν
1456 4167 1524 4230 τοῖς

244 4269 337 4342 ἰδίοις
365 4281 479 4344 ποιεῖν,
509 4273 551 4357 μή
581 4269 848 4356 ἀνακαλουμένων
876 4267 964 4358 ἡμῶν
993 4283 1053 4336 τῶν
1081 4273 1315 4360 δωρησαμένων
1342 4273 1363 4362 ἥ
1388 4298 1434 4349 τις
1459 4287 1527 4341 τῶν

247 4397 360 4476 μέρους
388 4390 477 4480 ἡμῶν
504 4398 578 4458 ποτὲ
607 4393 708 4480 καιριρ
733 4393 753 4481 ή
782 4398 888 4482 χρόνῳ
916 4395 936 4484 ή
960 4399 1059 4484 νομήν
1083 4399 1216 4484 μερικήν
1244 4397 1264 4486 ἢ
1294 4397 1476 4486 όλόκληρον
1502 4395 1523 4487 ή

247 4518 369 4602 τίμημα
398 4515 584 4602 οἱανδήποτε
611 4515 631 4603 ἢ
656 4516 792 4605 ἀμοιβήν
816 4517 836 4606 ή
863 4517 1073 4608 ἀντισήκωσιν
1101 4521 1121 4610 ή
1147 4521 1312 4610 ἀντίχαριν
1340 4521 1361 4610 ή
1384 4525 1524 4609 νόμιμον

247 4638 421 4724 κεφάλαιον
449 4642 677 4725 προσβοηθούν
704 4640 791 4729 ἡμῖν,
827 4642 867 4710 δι’
898 4641 934 4712 ού
963 4645 995 4722 ἐξ
1024 4644 1214 4734 ἀχαριστίας
1238 4647 1273 4712 αἱ
1296 4649 1413 4732 δωρεαί
1440 4645 1525 4712 όινα-
