3140 5284
286 243 348 310 154

283 441 348 502 καί·
367 437 453 503 άλλα
477 436 629 525 όποίησαν
659 439 819 524 βλαπτικά
841 444 898 504 καί
922 439 1026 506 άτοπα
1049 444 1131 526 μετὰ
1154 441 1209 526 την
1232 447 1288 506 τοῦ
1312 440 1437 502 δικαίου
1477 437 1555 502 ἀνα-

282 566 438 648 γνιόριοιν
461 565 589 648 πρώτως
613 566 669 648 μέν
690 561 878 628 άπόοπασον
902 573 958 650 τῆς
973 566 1080 648 βιαίας
1103 567 1160 630 καί
1177 533 1291 630 ἀδίκου
1308 564 1423 628 τσότων
1442 565 1553 647 χειρός

282 687 317 750 τό
342 683 506 773 εἰρημένον
527 689 699 774 χωράφισν,
728 692 785 753 καὶ
809 685 1051 775 έγκατάστησσν
1073 687 1116 772 τῴ
1144 692 1233 773 μέρει
1256 696 1312 772 τῆς
1340 694 1453 772 μονῆς,
1487 683 1554 748 ἐπεί

281 811 338 874 καί
360 809 415 876 διά
437 809 678 896 χροσοβοόλλοο
701 807 834 898 ὁρισμοῦ
858 808 1047 898 κατέχουσα
1061 808 1242 896 εόρίσκιται
1265 817 1357 876 τοῦτο
1381 811 1439 872 καί
1464 807 1552 880 έντός

280 941 335 998 τοῦ
361 935 507 1019 περιόροο
536 926 635 1019 αότης
658 935 796 1021 φέρεται.
822 931 884 999 εἶδ’
909 929 1007 1008 οὕτως
1030 932 1196 1020 ἐπίστοψον
1220 937 1275 998 καὶ
1299 931 1343 1018 τῷ
1371 936 1461 1017 μέρει
1492 941 1552 994 τιῖιν

281 1055 475 1122 ἀδικούντων
499 1051 617 1130 αότοός
638 1059 695 1120 καί
722 1065 856 1122 τοιαῦτα
884 1053 1127 1144 ἐνδεικνυμένων
1145 1055 1294 1144 ιοἰπρτπη,
1323 1053 1405 1126 ὣστε
1436 1060 1553 1142 μηκέτι

280 1179 441 1266 τολμῆσαί
468 1197 537 1243 τινα
564 1179 696 1257 τούτων,
724 1179 913 1246 δυναστείαν
936 1184 1030 1267 χάριν
1053 1183 1165 1246 τούτου
1188 1179 1235 1265 :qi
1259 1185 1346 1266 μέρει
1369 1179 1550 1258 ἐπενεγκεῖν

282 1311 338 1388 τῆς
364 1311 471 1389 μονῆς.
498 1299 643 1368 ἀποδότω
667 1303 703 1368 δδ
726 1299 748 1390 ἡ
772 1303 852 1390 μονη
876 1306 933 1369 καί
955 1307 990 1368 τό
1014 1308 1137 1391 τίμημα
1159 1307 1195 1370 τό
1219 1302 1295 1389 ὑπὲρ
1323 1311 1378 1368 τοῦ
1404 1304 1550 1368 τοιούτου

283 1429 458 1514 χωραρίοο,
482 1421 560 1509 ὅπερ
583 1427 695 1512 βιαίως
720 1425 835 1511 ἔλαβεν
859 1425 893 1504 Ie
916 1423 1017 1510 αὐτῶν
1040 1431 1070 1508 †.

369 1563 529 1653 ’γΕἶχε
557 1569 615 1632 τό·
650 1571 758 1653 μηνί
792 1572 1085 1654 φεοροοαρίῳ
1118 1567 1199 1635 ὶνδ.
1235 1569 1469 1652 δευτέρας
1501 1567 1551 1631 δι’

281 1688 488 1778 όροθρῶν
531 1693 813 1777 γραμμάτων
858 1699 935 1776 τῆς
983 1691 1242 1778 βασιλικῆς
1291 1694 1369 1756 καί
1410 1690 1551 1762 θείας

280 1817 442 1902 χειρός
475 1817 506 1894 †.

540 2093 706 2161 LXXXIII.
723 2091 799 2160 Sine
815 2112 907 2174 anno,
924 2107 1032 2159 mense
1047 2092 1144 2176 iunio,
1163 2093 1228 2161 ind.
1244 2093 1283 2162 II.

383 2241 546 2314 Imperator
560 2243 636 2297 ιάόοε
650 2244 821 2298 monasterio
837 2243 949 2298 κατιέναι·
963 2259 1095 2314 campum
1111 2242 1270 2315 Βαιγγοόονι·
1285 2245 1439 2302 venditum.

368 2395 700 2482 ῒΠρόσταγμα
733 2393 896 2481 ἕτερον
924 2380 1062 2482 χάριν
1098 2357 1177 2484 τῆςἰ
1213 2373 1356 2484 αὐτῆς
1384 2393 1548 2462 όποθὲ·

280 2541 392 2594 σιως
414 2521 444 2600 †.

367 2661 480 2743 γΘεέε
504 2669 559 2747 τῆς
581 2661 747 2745 βασιλείας
771 2681 841 2746 μοι,
864 2662 1076 2746 πανσέβασοι,
1101 2663 1238 2746 σεβαστέ
1261 2662 1336 2738 δοόξ
1359 2667 1415 2726 τοῦ
1440 2663 1547 2746 δέμα-

280 2807 333 2859 τσς
361 2796 419 2852 τῶν
448 2786 638 2872 Θρακησίων
666 2788 723 2852 καί
751 2793 807 2871 τῆς
833 2787 942 2872 χώρας
968 2785 1108 2871 Ποργίοο
1134 2789 1192 2850 καί
1213 2785 1360 2872 Καλοης,
1384 2792 1445 2872 κῦρ
1470 2785 1545 2851 Θεό-

279 2909 352 2974 δοτε
380 2909 562 2977 Καλόδετε.
587 2905 604 2974 δ
628 2909 683 2996 τὴν
706 2917 870 2994 παροῦσαν
899 2905 1072 2996 ὑπόμνησιν
1096 2907 1273 2996 ἐκθέμενος
1296 2911 1544 2996 καθηγούμενος

278 3042 335 3120 της
369 3035 548 3120 σεβασμίας
583 3042 682 3120 μονῆς
715 3043 775 3098 τῶν
803 3030 935 3120 Δίμβοο
969 3044 1009 3120 τη
1044 3033 1192 3118 βασιλεία
1223 3055 1286 3120 μον
1314 3032 1474 3123 ἀνέρτρεν,
1503 3031 1543 3105 ὡς

278 3158 478 3244 πληοιοιοτης
498 3177 544 3230 τις
566 3164 621 3220 τοῦ
644 3153 715 3222 κατ’
739 3153 835 3222 αότόν
858 3161 1021 3244 μετοχίοο,
1045 3154 1178 3242 όνόματι
1204 3157 1458 3244 Κατίιβαρηνός,
1483 3157 1544 3220 διε-

276 3279 406 3365 πόλησο
416 3281 586 3368 χειμάροον
603 3275 699 3344 αότοό
722 3281 800 3366 πρός
822 3299 892 3344 τινα
914 3279 1098 3366 Βαρόχειρα
1121 3282 1303 3368 λεγόμενον,
1327 3281 1371 3368 μὴ
1391 3281 1541 3356 Ιδεδωκὼς

152 3471 155 3481 .
278 3405 318 3466 τά
344 3405 415 3488 περί
433 3403 553 3474 ,τοότοο
580 3413 644 3476 τοῖς
673 3414 828 3488 μοναχοῖς
854 3401 984 3490 εἴδησιν·
1014 3411 1106 3470 τοῦτο
1131 3401 1401 3490 άναγνωρίσαντες
1429 3403 1460 3468 οἱ
1483 3426 1540 3488 ρο-

277 3527 373 3611 ναχοί
394 3529 451 3590 καὶ
471 3529 636 3612 κριθέντες
660 3523 928 3614 ἀποκατέστησαν
951 3523 1076 3613 όκαρεέν
1096 3523 1185 3610 αότό,
1211 3526 1385 3623 ἀποδοῦναι
1407 3527 1446 3592 δέ
1468 3527 1540 3612 πρὸς

275 3647 332 3714 ’τόν
361 3645 566 3736 ἀγοράσαντα
593 3653 633 3714 τὰ
656 3646 824 3736 δπίρποροι,
849 3645 913 3715 ὅσα
938 3650 1157 3735 κατεβάλλετο
1180 3649 1231 3718 όπί
1253 3651 1298 3746 τῷ
1321 3653 1452 3736 τοιούτῳ
1476 3671 1539 3736 χω-

280 3771 441 3862 metm
462 3778 519 3839 καί
541 3777 719 3859 πεποίηκαν
741 3776 798 3838 καί
820 3774 1056 3859 κατεβάλλοντο
1084 3782 1184 3842 ταῦτα
1211 3779 1266 3844 καί
1295 3742 1447 3862 οἴχοντό
1476 3796 1538 3838 τοι·

280 3905 373 3962 οῦτον
388 3899 565 3986 χωράφιον,
589 3892 741 3984 ηὕρισκον
765 3897 800 3962 δέ
821 3893 969 3984 ὄχλησιν,
993 3902 1050 3986 καί
1075 3896 1312 3984 ἀναδραμόντες
1335 3898 1381 3972 είς
1404 3900 1460 3984 την
1484 3899 1538 3980 βα-

269 4019 402 4087 σιλείαν
420 4043 487 4109 μοι
510 4020 696 4107 ἐπορίσαντο
720 4016 849 4105 όριομόν
873 4015 981 4106 αὐτῆς,
1005 4019 1046 4089 δι’
1067 4017 1104 4085 οό
1127 4025 1184 4086 καί
1203 4018 1298 4118 αόδις
1320 4019 1538 4120 ρἰποκατέστη-

269 4163 337 4212 ’σαν
359 4144 445 4232 ἔχειν
472 4139 561 4222 αότό,
581 4140 642 4208 καὶ
663 4143 904 4228 παραλαβόντες
926 4151 1019 4211 τοῦτο
1043 4147 1098 4210 καί
1121 4145 1410 4232 καλλιεργησαντες
1439 4143 1536 4231 ἀπηλ-

276 4269 338 4333 δον
367 4267 398 4333 οἱ
424 4275 479 4334 τοῦ
508 4271 623 4354 μίρομς
657 4274 712 4332 τοῦ
741 4263 922 4352 ἀγοραστοό
951 4270 1032 4352 μετὰ
1063 4267 1144 4334 λαοῦ
1171 4267 1282 4336 ἱκανοῦ
1309 4273 1366 4334 καί
1393 4268 1536 4354 έσπειραν

270 4387 354 4458 ἀότδ
382 4389 539 4480 άνάρχως.
567 4393 668 4456 τοίνυν
691 4392 748 4456 καί
775 4389 947 4474 διορίζεταί
973 4413 1025 4457 σοι
1052 4388 1072 4483 ἡ
1101 4391 1248 4475 βασιλεία
1273 4415 1342 4480 μοο,
1372 4391 1415 4468 ὣς
1438 4391 1485 4470 ἂν,
1510 4389 1536 4454 τί

276 4511 360 4580 οδτω
392 4519 433 4581 τὰ
467 4523 522 4605 της
557 4511 715 4602 άληδείτιτ
750 4513 834 4600 ἔχει,
868 4513 1087 4602 οίκονομηοης
1120 4513 1306 4584 ἐπανελθεῖν
1334 4521 1369 4584 τό
1397 4525 1533 4582 τοιοῦτον

278 4641 440 4726 γαμόρων
466 4641 544 4726 πρὸς
570 4638 642 4712 τοός
665 4631 825 4724 ῥηθέντας
849 4639 1011 4726 μοναχοός
1038 4642 1122 4706 κατὰ
1146 4641 1201 4727 την
1224 4643 1399 4729 γεωργικην
1423 4645 1534 4728 κρίσιν,
