3238 5282
267 247 331 308 400

264 434 384 521 Ἑλένη,
410 433 443 499 αἱ
467 437 594 520 γνήσιαι
611 437 784 518 θυγατέρες
807 430 910 498 αὐτῶν
935 444 1026 518 κοινῇ
1050 433 1162 518 βουλῇ,
1187 435 1296 518 γνώμη
1320 454 1352 496 τε
1377 435 1433 496 καί
1458 429 1538 516 ἀρε-

266 565 360 642 σκείη
386 557 511 623 ἄνωθεν
535 567 589 622 τοῦ
612 561 768 642 παρόντος
793 553 888 644 ὅρους
913 557 984 632 τοὺς
1013 558 1127 630 τόπους
1156 565 1211 620 τοῦ
1242 559 1407 644 ίωηφόρου
1432 577 1535 620 σταυ-

266 693 323 768 ροῦ
352 681 485 753 οίκείαις
513 685 621 767 χερσίν
645 679 902 766 ἐντυπωτοίμενοι
927 683 962 744 τό
986 683 1083 765 παρόν
1112 677 1258 746 έκοόσιον
1281 683 1337 745 καί
1366 678 1537 765 ἀμεταμέ-

265 809 360 892 λητον
400 816 454 892 τῆς
492 809 658 890 καθαρᾶς,
699 815 835 892 φανερᾶς
874 774 1073 889 διαπρόσεως
1113 801 1329 891 ένοτόγραφον
1371 802 1538 890 ἔγγραφον

259 913 353 1017 ’ἡμων
381 932 541 1014 τιθέμεθα
576 934 632 994 καί
660 937 811 1014 ποιοῦμεν
847 929 902 994 σόν
929 927 1023 994 παντί
1057 926 1101 1014 τῷ
1127 932 1210 1006 γένει
1237 931 1294 994 καί
1322 933 1413 1012 μέρει
1443 923 1537 1012 ἡμων

239 1057 321 1147 καί
356 1050 461 1126 αὐτοῖς
496 1065 561 1126 τοῖς
596 1054 808 1140 κληρονόμοις
841 1055 897 1118 καί
926 1053 1135 1148 διακατόχοις
1168 1049 1256 1138 ἡμῶν
1291 1049 1446 1126 ἑκουσίως
1479 1055 1541 1116 καί
1605 1097 1606 1102 1

266 1177 436 1262 ἀβιοίστως,
462 1184 616 1261 καθαρῶς
632 1180 688 1242 καί
710 1175 959 1262 ἀρραδιοόργως,
983 1173 1168 1252 αὐτοθελιῦς
1188 1180 1245 1240 καί
1260 1171 1539 1262 αὐτοπροαιρίτως

265 1307 320 1368 καί
349 1299 408 1369 οόκ
436 1301 474 1366 ἔκ
502 1322 583 1374 τινος
613 1297 756 1386 ἀνάγκης
785 1299 804 1386 ἢ
834 1301 934 1388 φόβου
962 1299 982 1388 ἢ
1011 1300 1108 1364 δόλου
1129 1297 1156 1386 ἢ
1186 1301 1258 1382 βίας
1286 1297 1305 1386 ἦ
1338 1297 1539 1384 ἀρχοντυιῆς
1605 1341 1606 1348 1

265 1426 551 1503 καταδυναστείας,
577 1426 632 1490 σόν
656 1428 821 1510 προθυμίη
844 1426 879 1488 δέ
905 1425 1027 1508 μᾶλλον
1052 1420 1177 1510 ἁπόση,
1202 1421 1354 1508 όλοψόχιρ
1375 1425 1539 1507 προθέσει

265 1554 322 1616 καί
350 1547 456 1624 ἁπλῶς
484 1547 580 1614 εἰπεῖν
614 1552 695 1633 μετὰ
721 1550 843 1634 πολλῆς
877 1545 966 1634 ἡμῶν
995 1557 1049 1635 της
1076 1546 1243 1633 ἀποδοχῆς
1271 1551 1327 1612 καί
1354 1548 1538 1634 θελήσεως,

268 1663 524 1758 ἀποβαλλόμενοι
552 1676 608 1740 καί
638 1670 889 1754 ἀποταττόμενοι
916 1681 1030 1744 κοινός
1060 1676 1114 1757 μέν
1145 1671 1174 1734 οἱ
1202 1669 1353 1756 όμόίυγοι
1381 1669 1419 1738 ἐκ
1450 1693 1538 1758 συμ-

247 1801 372 1887 ’ρῦνοο
398 1795 486 1886 ἡμων
515 1795 689 1896 ὁμολογίας
718 1802 773 1862 καί
803 1795 1036 1887 ἐπερωτήσεως,
1052 1806 1158 1863 πᾶσαν
1181 1799 1237 1860 καί
1264 1800 1415 1862 παντοίαν
1441 1794 1539 1860 ἰδιω-

267 1928 352 1996 τείαν
373 1927 429 1989 καὶ
454 1919 632 2007 ἀγροικίαν,
655 1921 764 1994 ίδικῦς
781 1922 816 1984 δὲ
841 1919 903 1998 ἐγὼ
927 1917 947 2008 η
970 1919 1071 1989 ’Ἅννα
1098 1919 1325 2006 ἀποβάλλομαι
1347 1929 1454 1986 πᾶσαν
1478 1924 1540 1984 καί
1605 1957 1606 1990 ;

267 2052 418 2112 παντοίαν
443 2050 624 2128 γυναικείαν
649 2044 819 2112 ἀσθένειαν
843 2048 898 2110 καί
923 2042 1056 2131 ἀκοίτην,
1086 2045 1141 2130 την
1164 2047 1246 2130 μετὰ
1269 2041 1387 2108 διετίαν
1411 2039 1539 2127 ἐπερώ-

268 2193 356 2257 τηοιν
385 2174 440 2234 καί
469 2166 545 2234 αὐτό
574 2172 610 2234 τό
645 2170 841 2252 βελλιοίνειον
870 2169 975 2254 δόγμα
1002 2171 1038 2235 τό
1062 2172 1131 2242 ταίς
1160 2165 1381 2264 ἀπατωμέναις
1412 2169 1540 2247 γυναιξί
1605 2233 1606 2236 ,

267 2296 493 2380 προσβοηθοῦν
527 2295 604 2378 πρός
638 2289 720 2376 ὑμᾶς
756 2293 827 2368 τούς
862 2296 1167 2372 πανευγενεστοίποος
1199 2289 1387 2378 όμοίόγους,
1418 2294 1472 2356 τόν
1501 2314 1538 2356 τε

268 2421 483 2504 περιπόθητον
520 2419 661 2502 γαμβρόν
696 2425 750 2480 τοῦ
784 2425 938 2500 κραταιοῦ
972 2421 1029 2482 καί
1050 2413 1148 2494 Ιοἰγίου
1175 2413 1264 2504 ἡμῶν
1292 2411 1449 2482 αόθέντου
1478 2419 1539 2480 καί

270 2543 441 2630 βασιλέως,
470 2550 529 2626 κῦρ
557 2525 722 2617 Νικόλαον
743 2539 910 2627 Κομνηνόν
935 2544 987 2608 τόν
1009 2539 1217 2626 Μαλιαυηνόν
1244 2544 1300 2605 καί
1324 2541 1378 2625 τὴν
1402 2543 1538 2624 περιπό-

268 2671 370 2754 θητον
395 2669 612 2748 σόίυγόνσου,
630 2669 684 2751 την
701 2669 931 2751 ποθεινοτάτην
957 2663 1087 2751 ἀνεψιὰν
1104 2672 1157 2728 τοῦ
1181 2669 1335 2762 κραιταίοῦ
1359 2667 1416 2728 καί
1441 2660 1539 2744 ἁγίου

268 2787 357 2877 ἡμῦν
374 2791 531 2856 αόθέντου
554 2797 611 2858 καί
628 2791 794 2874 βασιλέως,
817 2791 995 2858 Δοόκαιναν
1012 2789 1270 2868 Παλαιολογίναν
1293 2791 1392 2872 κυρᾰν
1415 2786 1538 2856 ’Ἅνναν

266 2913 439 3006 ΙΝομνηνίην
467 2917 521 3002 τὴν
549 2913 757 3001 Μαλιασηνην
786 2919 842 2978 καί
869 2916 907 2978 δι’
938 2911 1021 3000 ὑμῶν
1049 2916 1125 2999 πρός
1153 2914 1208 2998 την
1235 2918 1309 2996 παρ’
1332 2907 1434 2998 αῦτης
1457 2909 1537 2976 ἀνε-

271 3042 514 3126 γερθησομένην
539 3041 715 3124 σεβασμίαν
741 3041 839 3122 μόνην
862 3039 1093 3124 πατριαρχικὴν
1118 3037 1171 3122 τὴν
1195 3037 1241 3112 είς
1264 3033 1366 3121 ὄνομα
1394 3035 1539 3122 τιμωμέ-

272 3184 327 3250 νην
351 3173 406 3229 τοῦ
427 3168 533 3248 ,τιμίου
556 3164 747 3238 πανενδόεου
770 3161 961 3246 Προδρόμου
984 3171 1039 3248 τῆς
1063 3160 1150 3234 Νέας
1171 3159 1294 3245 Πέτρας
1317 3162 1476 3246 καὶ-πρός
1502 3163 1538 3224 τό

271 3285 354 3355 ἅπαν
387 3291 573 3376 μέροςκαὶ
606 3288 762 3373 πλήρωμα
797 3289 926 3372 ταύτης,
961 3287 1074 3357 καθὼς
1109 3285 1348 3371 δηλωθήσεται·
1384 3290 1440 3348 καί
1476 3289 1540 3369 γὰρ

272 3410 380 3497 ἐπειδὴ
408 3411 471 3478 ἀπό
499 3421 554 3496 της
583 3409 663 3489 ἄγαν
693 3415 905 3496 στενοχωρίας
933 3414 988 3474 καί
1015 3415 1174 3496 πτωχείας
1202 3407 1290 3496 η’μιῦν
1314 3417 1369 3495 τῆς
1397 3429 1539 3493 προσγε-
1605 3455 1606 3458 ,

272 3539 407 3621 νομένης
434 3531 506 3622 ἡμῖν
534 3533 571 3598 ὲκ
600 3545 655 3621 τῆς
683 3537 892 3620 πολυχρονίου
920 3544 1079 3623 κοσμικῆς
1108 3500 1267 3608 σιτοδείας
1291 3537 1540 3620 κατηντήσαμεν

273 3657 319 3734 εὶς
352 3659 490 3744 παντελῆ
519 3657 653 3744 ἀπορίαν
681 3657 724 3734 όις
758 3663 814 3724 καί
844 3655 940 3745 αὐτῆς
968 3668 1023 3746 τῆς
1048 3656 1230 3756 4οἰναγκαίυις
1258 3668 1376 3746 τροφῆς
1400 3657 1540 3743 όστερεῐ-
1605 3677 1606 3680 ’

274 3785 363 3864 σθαι,
399 3781 573 3848 κάντεῦθεν
607 3783 828 3867 κινδυνεύομεν
866 3784 1148 3869 λιμαγχονηθηναι
1183 3783 1238 3848 οὐν
1273 3793 1336 3854 τοῖς
1371 3781 1540 3869 ἀνηλίκοις

273 3911 380 3972 παισίν
408 3904 511 3994 ἡμῶν,
537 3908 709 3991 διέγνωμεν
734 3905 777 3980 όις
801 3905 850 3970 ἐπὶ
873 3907 1024 3998 παντελεῖΙ
1045 3907 1214 3992 διαπράσει
1237 3905 1479 3993 έκποιήσασθαι
1504 3911 1540 3970 τό

275 4035 401 4112 γονικόν
430 4053 490 4118 μου
518 4043 572 4120 τῆς
599 4031 719 4118 Ἀννης
744 4030 897 4119 ἀμπέλων
921 4036 956 4097 τό
982 4031 1013 4095 ἐν
1038 4043 1076 4118 τη
1100 4043 1235 4118 περιοχῇ
1264 4041 1319 4096 τοῦ
1346 4031 1540 4098 Βελεστίνου
1605 4061 1606 4082 2

276 4157 473 4242 διακείμενον
513 4159 547 4220 τό
586 4157 780 4243 ποσοόμενον
818 4155 862 4228 είς
897 4153 1155 4242 δλοκοτιναρίαν
1183 4161 1256 4240 μίαν
1295 4153 1539 4241 ἁλμυριωτικὴν,

276 4283 311 4344 τό
338 4281 472 4366 πλησίον
506 4279 672 4346 Νικολάου
700 4289 755 4346 τοῦ
779 4281 905 4365 Βοίρδα,
941 4290 996 4346 τοῦ
1028 4279 1106 4366 ἐμοῦ
1135 4285 1192 4366 μέν
1220 4290 1275 4344 τοῦ
1309 4279 1443 4366 Μιχαὴλ
1479 4300 1538 4358 γο-
1605 4303 1606 4326 ι

275 4403 505 4492 ναικαδέλροο,
541 4403 620 4490 ἐμοῦ
658 4406 693 4469 δὲ
732 4414 788 4490 τῆς
826 4403 950 4492 ’Άννης
980 4401 1181 4492 αόταδέλφοο
1218 4409 1275 4470 καί
1308 4406 1444 4490 πλησίον
1483 4413 1539 4468 τοῦ

276 4527 590 4617 Τριακονιαρόλλου,
625 4540 770 4614 κρεῖσσον
801 4525 1007 4616 ἡγησαμένης
1035 4550 1096 4616 μου
1123 4537 1180 4615 τῆς
1206 4527 1327 4616 Ἀννης
1358 4527 1538 4614 ἐκπατήσα-

277 4654 357 4716 οθαι
381 4654 416 4714 τό
440 4663 579 4718 τοιοῦτον
604 4650 757 4739 ἀμπέλιον
781 4651 831 4716 έπί
854 4653 1022 4737 διαπράσει
1044 4653 1190 4718 παντελεῖ
1212 4656 1267 4716 καί
1288 4652 1342 4716 διὰ
1364 4663 1419 4718 τοῦ
1443 4655 1538 4736 τιμή-
