3168 5274
1229 277 1293 342 285
1426 271 1430 278 ’

46 461 191 536 ἐςιύιίσεις
214 467 270 526 καί
294 464 332 528 σύ
362 463 477 552 ἀρτίως
505 468 582 552 τρίς
606 468 641 532 τύ
666 470 762 554 μόρος
790 475 846 554 της
870 469 1018 556 τοιαύτης
1047 475 1148 556 μονῆς
1175 463 1294 541 ύλατος

45 587 153 668 μοδίους
181 586 366 661 διακοσίους
393 586 456 654 οἰπό
483 597 540 677 της
569 587 695 656 τίσόδου
722 599 782 656 τῶν
810 591 958 657 τοιούτων
988 588 1115 658 ἁλυκῶν
1148 595 1206 657 καί
1239 591 1295 656 δια

44 712 186 796 χύησιταί
216 731 278 777 σοι.
313 715 448 800 ποίησον
477 708 532 778 σόν
565 717 651 780 κατὰ
678 715 732 780 τόν
765 717 908 801 παρόντα
942 723 998 804 τῆς
1034 717 1201 800 βασιλιίας
1235 737 1296 803 μου

44 833 154 920 ὁρισμόν
176 839 207 916 †.

113 957 273 1045 βΕἶχτ
309 962 368 1024 τό·
403 963 509 1048 μηνί
543 959 782 1048 δκτιυβρίιρ
815 961 896 1028 ίνδ.
933 963 1210 1052 δωδεκάτης
1244 961 1297 1030 δι’

46 1081 234 1169 δρυύριῖιν
277 1087 562 1172 γραμμάτων
605 1094 683 1173 της
731 1085 989 1174 βασιλικῆς
1031 1089 1111 1152 καί
1156 1091 1296 1166 ύιίας

45 1209 189 1293 χειρός
211 1211 243 1288 †.

17 1637 19 1650 ›
113 1595 418 1686 III.†''Etepov
445 1601 733 1687 πρόσταγμα,
769 1599 1108 1687 διοριζόμτνον
1136 1601 1215 1665 καί
1249 1601 1296 1664 τό

17 1741 19 1812 Q
49 1729 249 1787 τοιοῦτον
273 1725 375 1810 περὶ
398 1707 476 1810 τῆς
498 1725 677 1798 δύσιως
700 1732 776 1790 τού
801 1721 976 1798 ύλατος
998 1726 1027 1805 †.

115 1861 383 1948 βΠανσίβαστι,
408 1865 545 1948 σεβαοτδ
570 1863 666 1930 ούκτίι
689 1875 728 1954 ιη
753 1865 902 1950 βασιλιίη
925 1887 1000 1952 μου,
1028 1867 1298 1956 τρωτοιιρακύριι

49 1987 117 2070 ιύριι
142 1987 362 2053 Κωνσταντίνι
385 1987 525 2075 Χαδηνί.
555 1985 623 2052 ἐπεί
651 1990 838 2081 συνήθειαν.
860 1987 946 2075 εἶχεν
974 1985 994 2076 ἡ
1027 1988 1189 2075 στβασμία
1216 1989 1297 2076 μονη

17 2101 19 2188 Q
50 2117 90 2194 τῆς
124 2111 291 2195 βασιλείας
326 2133 386 2198 μου
424 2122 484 2177 τῶν
522 2111 660 2198 Λύμβιιν
698 2111 874 2200 λαμβάνων
910 2109 1044 2198 ύτησίως
1082 2107 1203 2186 ἅλατος
1241 2133 1299 2199 μυ·

50 2235 115 2308 δίοος
141 2237 340 2317 διακοσίους,
369 2235 543 2323 διορίζοταί
571 2257 623 2300 σοι
649 2231 669 2324 ἡ
700 2233 846 2320 βασιλεία
881 2257 956 2324 μου,
992 2233 1035 2310 ιδς
1062 2231 1100 2300 ἂν
1128 2239 1212 2301 κατὰ
1243 2234 1299 2323 τήν

52 2363 204 2447 συνήθειαν
228 2359 323 2446 διδῷς
339 2365 395 2424 καί
418 2359 456 2426 σύ
480 2359 552 2433 τούς
573 2361 734 2433 τοιούτους
755 2359 886 2446 μοδίους
910 2367 965 2424 τού
989 2357 1109 2434 ἅλατος
1131 2365 1204 2426 κατ’
1229 2359 1301 2434 ἔτος

52 2485 109 2567 τρίς
141 2487 176 2550 τύ
214 2483 311 2571 μέρος
345 2491 401 2570 τῆς
435 2485 584 2570 τοιαύτης
619 2493 716 2571 μονῆς
752 2481 969 2571 ἀνιστορήτοις
1003 2485 1060 2548 καί
1089 2487 1188 2572 χωρίς
1218 2503 1302 2558 τινος

55 2603 176 2694 ύρορμης
200 2612 259 2674 καί
278 2611 477 2696 προφάσεως,
501 2603 544 2682 ὥς
569 2603 757 2695 δριιλόντων
774 2607 934 2694 δίχτσβαί
957 2628 1009 2672 σοι
1032 2605 1077 2682 τίς
1100 2611 1135 2674 τό
1160 2617 1215 2696 της
1239 2609 1301 2694 βα·

55 2731 153 2806 οιλτίας
188 2753 251 2819 μου
287 2733 473 2818 βεστιόριον.
516 2729 601 2797 ἀλλὰ
628 2734 684 2795 καί
713 2727 744 2796 οἱ
772 2733 852 2818 μετὰ
880 2734 917 2796 σί
945 2727 1148 2817 ύλεοσύμινοι
1178 2744 1303 2820 κρατεῖν

55 2855 95 2928 τίς
118 2857 268 2930 τοιαύτας
297 2853 419 2929 ἁλυκάς
447 2853 610 2944 ύφτίλουσι
634 2853 691 2920 καὶ
714 2849 801 2921 οὖτοι
824 2866 863 2944 τη
887 2851 1043 2945 ύμρανιίη
1071 2865 1126 2921 τού
1149 2857 1305 2942 παρόντος

56 2975 164 3065 ύριηιοῦ
188 2990 247 3069 τῆς
272 2981 438 3064 βασιλείας
462 3001 523 3066 μου
539 2979 664 3044 διδόναι
686 2977 760 3053 τούς
783 2979 943 3052 τοιούτους
964 2979 1149 3052 διακοσίους
1173 2978 1304 3066 μοδίους

56 3113 95 3168 τού
119 3103 240 3178 ἅλατος
268 3107 345 3191 πρός
372 3107 408 3169 τό
437 3107 533 3190 μόρος
561 3111 617 3191 τῆς
645 3104 793 3190 τοιαύτης
829 3111 926 3190 μονῆς
955 3099 1174 3190 ἀνυσττρητιος
1200 3105 1304 3190 πόντη
1375 3183 1380 3196 .

57 3233 98 3293 καί
122 3211 380 3316 ἀντηκροιτήτως,
408 3224 452 3301 ιδς
480 3225 669 3316 όφειλόντων
696 3227 856 3314 δέχεσθαι
883 3229 939 3290 καί
966 3227 1088 3299 τούτοις
1116 3224 1161 3300 τίς
1189 3227 1224 3290 τό
1248 3235 1304 3314 τῆς

58 3352 203 3431 βασιλείας
227 3375 286 3438 μου
308 3351 497 3436 βεστιύριον.
520 3355 655 3438 ποίησον
679 3347 742 3428 οὖν,
760 3351 874 3422 καθώς
898 3371 947 3414 σοι
971 3349 1142 3436 διορίζιται
1165 3346 1185 3437 ἡ
1210 3351 1306 3434 βασι-

20 3565 22 3592 !
58 3475 111 3540 λεία
136 3501 206 3563 μου.
238 3477 439 3561 ἀντίστρεψον
468 3475 504 3540 δὲ
535 3473 579 3562 τῷ
613 3477 703 3562 μύριι
737 3481 792 3559 τῆς
820 3473 968 3560 τοιαύτης
1001 3473 1179 3559 σεβασμίας
1207 3483 1307 3562 μονῆς

20 3599 22 3684 Q
59 3605 99 3663 ιαί
118 3605 168 3666 τόν
191 3603 337 3686 παρόντα
361 3608 417 3686 τῆς
441 3599 606 3683 βασιλείας
631 3617 691 3684 μου
715 3593 845 3683 ὁρισμόν
868 3591 909 3661 δι’
935 3593 1113 3685 ἀσφάλειαν
1136 3601 1166 3680 †.

126 3736 837 3830 βΕίχττύ·μηνίὶουλίιρίνδ.β’
864 3735 1309 3825 δι’ύρυύρωνγραμ-

21 3863 1077 3956 ἶμιίτωντῆςβασιλικηςκαίδιίαςχτιρόςβ.
1139 3913 1143 3924 .

302 4111 448 4180 chxx.
466 4111 698 4187 6802-1292,
715 4111 757 4176 23
773 4107 887 4188 martii,
903 4105 969 4174 ind.
986 4105 1052 4174 VII.

237 4261 360 4318 Θυόιίιο
378 4260 531 4333 Tyrannus
546 4260 719 4314 υιοκωιίινύο
734 4257 806 4313 cadit
818 4257 1014 4328 possessiones
1029 4273 1109 4313 οιιαυ.

414 4529 416 4534 Ι
552 4425 679 4495 Initium
695 4423 794 4493 deest

69 4676 155 4766 οἷσπερ
178 4679 341 4766 ἀντδέμην
357 4677 389 4754 ἐξ
414 4675 599 4762 ἀγορασίας,
625 4671 708 4749 ὅπως
733 4671 773 4738 ἂν
791 4669 923 4760 εόρίσκη
945 4669 1006 4737 ἀπό
1030 4671 1123 4739 τοῦδε
1147 4677 1312 4759 κρείττονα
