3228 5296
1276 281 1315 346 lx

77 477 146 547 θεῖος
164 467 251 560 ήλίου
274 473 467 558 λάμήαντος
489 472 739 560 τηλαυχίσττρον
756 475 935 559 χειμάρρου
958 471 1051 560 δίκην
1076 475 1115 538 τὰ
1138 481 1195 559 τής
1220 468 1316 538 αὐτοῦ

74 599 228 682 εροτετείας
256 593 324 682 μετ’
354 591 394 660 οῦ
421 597 503 661 πολιλ
531 593 700 683 δξήρανται
727 599 784 662 καί
813 594 858 670 είς
886 597 921 662 τὸ
950 596 994 684 μή
1023 592 1057 661 ὃν
1088 594 1316 685 δκκεχιόρηκεν

75 719 216 798 όςείκός,
243 717 302 784 καὶ
337 717 366 784 ελ
394 721 439 806 μὴ
465 717 511 792 ’όις
538 721 669 806 ποιμήν,
693 715 737 794 ὣς
761 721 858 793 λόκος
885 728 963 800 γοῦν
990 717 1185 807 λλήλεχκται
1215 723 1316 808 μάτην

75 845 155 929 χτνιλν
174 847 228 908 καί
242 845 299 908 διὰ
322 851 420 930 κενῆς
435 844 657 928 λογισάμενος,
683 838 741 908 ὑπὸ
758 851 818 907 τῶν
838 845 910 908 τότε
934 840 1088 930 δυιδίροεν
1111 845 1324 930 πατριαρχδν·

76 966 308 1052 ἐξοστρακισθεὶς
331 967 387 1030 διὰ
411 976 470 1031 τῶν
494 961 544 1031 ὑπ’
573 960 670 1032 αὐτοῦ
698 965 875 1046 γεγονότων
900 964 950 1031 m
973 968 1095 1042 τούτοις
1124 963 1316 1054 ὑπομνημά·

75 1109 116 1154 τοι
138 1088 336 1176 λννομιότατά
366 1111 398 1154 τε
425 1094 482 1154 καί
509 1087 709 1156 δικαιότατα
739 1085 820 1156 όθεν
847 1087 911 1156 καί
929 1087 961 1154 όν
984 1089 1028 1176 τῷ
1054 1091 1185 1176 παρόντι
1211 1087 1232 1177 ή
1257 1113 1315 1177 με·

74 1217 169 1300 ιριότμ
193 1209 297 1300 ήμῶν,
327 1211 371 1288 ὣς
400 1211 527 1278 άνιοθεν
549 1211 686 1300 εἴρηται,
713 1211 755 1299 μή
781 1209 854 1300 ὅρια
882 1217 1025 1300 πατίριεν
1049 1218 1208 1300 μεταίρειν
1237 1211 1315 1278 iot·

73 1337 150 1400 λουσα
169 1339 222 1401 καί
243 1337 337 1401 θεῖον
361 1339 458 1422 νόμον
482 1339 535 1402 τάν
559 1333 609 1402 όπί
633 1337 756 1409 τούτοις
779 1335 921 1422 μάλιστα
944 1337 1121 1423 πληροῦσα,
1145 1339 1317 1422 προνόμιον

73 1481 95 1522 ιε
119 1465 167 1524 καί
198 1459 363 1546 δικαίωμα
398 1461 602 1548 φυλάττουσα
636 1459 774 1524 παλαιὸν
809 1471 848 1546 τῇ
884 1460 1010 1546 μεγάλῃ
1051 1458 1211 1546 δκκλήσόα
1243 1455 1317 1546 παρ’

73 1579 146 1648 αὐτοῦ
169 1593 222 1649 τοῦ
249 1585 335 1648 θεοῦ
363 1587 529 1669 κείμενον,
558 1578 621 1669 οόχ
646 1579 767 1669 ήκιστα
788 1583 824 1647 δῖ
849 1586 905 1647 καί
928 1593 989 1648 τῶν
1017 1581 1050 1648 λν
1075 1578 1155 1670 αὐτῇ
1180 1579 1316 1666 εὐλαβε-

72 1709 166 1770 οτάτιιν
193 1717 345 1792 μοναχῦν
374 1705 581 1793 άσκουμλνιον
609 1707 853 1792 προσδεξαμίνη
882 1703 1010 1781 ἀξίωσίν
1038 1727 1072 1770 τε
1107 1709 1164 1770 καί
1193 1704 1317 1793 αἴτησιν

27 1799 28 1818 ³
72 1834 169 1914 οτίργει
190 1849 222 1894 τε
246 1828 314 1916 ἤδη
338 1833 396 1894 καί
419 1828 560 1916 όπικοροῖ
582 1833 640 1894 καί
667 1824 747 1916 αὕτη
771 1831 826 1894 διὰ
849 1838 903 1894 τοῦ
931 1831 1086 1915 παρόντος
1111 1825 1210 1918 αότής
1237 1826 1316 1895 ὑπο·

27 1983 28 1994 *
73 1957 206 2039 μνήματος
231 1957 340 2019 πάντα
363 1956 404 2017 τὰ
431 1951 481 2018 ἐπί
509 1964 549 2040 τῇ
577 1955 706 2041 τοιαύτῃ
730 1963 791 2018 τοῖν
814 1953 1084 2038 Μεσοποταμιτῶν
1109 1963 1202 2040 μονή,
1231 1951 1317 2019 ἀλλὰ

27 2149 28 2154 ¹
73 2077 99 2161 δή
125 2082 174 2141 καί
200 2075 250 2142 λεί
278 2087 345 2150 τοῖς
373 2073 423 2142 ὑπ’
450 2073 548 2164 αόεήν
578 2073 831 2164 ήσυχαστηρῖοις
862 2079 1081 2163 τατριαρχικᾰ
1115 2077 1227 2142 δίκαια
1260 2079 1318 2141 καί

72 2203 214 2286 τρονόμια,
241 2205 301 2264 καί
329 2195 434 2272 οὐδεὶς
461 2195 605 2274 υδδόλιος
631 2195 697 2276 λξεε
719 2209 775 2266 τοῦ
802 2199 915 2266 λοιποῦ
938 2199 1051 2266 ἄδειάν
1075 2197 1115 2264 δι’
1139 2196 1240 2286 ὄχλου
1263 2217 1316 2280 γε·

72 2326 161 2388 τίτθαι
186 2335 225 2410 τῇ
260 2325 483 2412 διαλήρθεῖσῃ
519 2325 681 2410 σεβασμία
717 2334 798 2410 μονή
827 2323 944 2387 τοῦτον
977 2319 1086 2388 δνεκεν
1113 2321 1134 2410 ή
1164 2324 1225 2410 μήν
1253 2332 1318 2396 τοῖς

72 2439 108 2508 ἆτ’
125 2441 222 2532 αότήν,
248 2443 294 2520 ὣς
319 2445 451 2533 εἴρηται,
474 2445 618 2511 τελοῦσιν
640 2441 903 2533 ἡσυχαστηρίυις,
929 2444 957 2510 εί
981 2449 1087 2534 μήπου
1109 2465 1145 2526 γε
1168 2443 1186 2512 δ
1210 2453 1316 2512 τοιοῦ-

72 2567 220 2640 τοςδθίλει
235 2572 415 2657 προδήλως,
432 2566 476 2644 ὡς
498 2570 615 2648 λόγους
635 2573 778 2655 πατίροιν
793 2573 849 2634 καί
868 2569 1029 2646 διατάξεις
1054 2563 1192 2655 ἀναιρεῖν
1215 2566 1317 2635 ἀπαν-

72 2693 246 2779 οιδευόμενος
280 2691 461 2780 σίρορισμοῦ
490 2693 606 2778 δικαίῳ
634 2692 780 2778 ἐπιτιμίῳ
815 2689 995 2771 ὑποπεσεῖν,
1027 2693 1078 2757 διὸ
1112 2690 1170 2757 καὶ
1197 2689 1228 2757 εἴ
1259 2713 1316 2767 τις,

72 2812 108 2878 οἵα
129 2817 205 2903 ριλεῖ
231 2819 433 2904 συμβαίνειν,
460 2819 519 2882 καί
547 2817 674 2902 μάλιστ’
699 2814 732 2881 δν
760 2827 828 2890 ταῖς
854 2817 1119 2901 πολυανθρώποις
1141 2819 1199 2880 καί
1223 2815 1316 2901 μεγί-

73 2957 140 3011 ιιαις
163 2949 220 3004 τῦν
249 2936 375 3020 τῦαγῦν
400 2949 565 3006 συνυικιιῖν
593 2943 650 3006 καί
672 2949 737 3012 τοῖς
764 2939 922 3013 πολλάκις
950 2940 1187 3026 διειλημμίνυις
1216 2959 1316 3026 μονα-

72 3071 122 3143 χοῖς
140 3059 418 3149 Μεσοποταμῖταις
442 3067 552 3136 στάσις
568 3065 679 3150 συμβῇ
700 3067 756 3128 καί
772 3059 922 3148 ἀνακδψχ
943 3063 1135 3149 ταραχώδης
1151 3057 1316 3140 ὑπόθεσις,

72 3179 90 3242 εἰ
107 3187 142 3270 μή
156 3207 200 3260 τις
221 3197 285 3252 τῶν
302 3183 540 3266 τόδιαγνώστιυν
557 3181 638 3273 αδτη
663 3185 712 3274 εἴη
735 3190 792 3250 καί
813 3183 929 3252 αὐτόθι
944 3187 1000 3272 τήν
1023 3187 1111 3250 λῦαιν
1134 3185 1315 3271 δυναμίνιεν

71 3305 228 3389 λαμβάνειν,
267 3309 313 3384 είς
340 3311 397 3397 τήν
429 3311 663 3396 πατριαρχικὴν
694 3308 932 3396 ἀνατεθήσεται
968 3311 1072 3397 ήήμόν
1100 3331 1133 3372 τε
1161 3305 1219 3375 καί
1245 3309 1316 3374 διά-

71 3445 171 3509 τνιεσιν,
198 3431 263 3512 εἴτε
293 3434 333 3520 δή
362 3437 486 3506 πάντως
509 3437 549 3498 τά
572 3433 685 3497 δίκαια
719 3436 866 3518 πράττειν
894 3435 948 3497 καί
984 3434 1024 3497 τὰ
1050 3434 1256 3518 προσήκοντα
1287 3431 1318 3496 οἱ

72 3549 304 3644 Μεσοποταμῖται
326 3561 464 3644 μοναχοί
485 3557 682 3643 δθελήσουσι
705 3561 761 3622 καί
777 3559 817 3620 τὰ
841 3551 948 3629 αότυῖς
971 3553 1177 3643 δρειλόμενα,
1201 3557 1317 3626 καθεδς

72 3681 111 3739 ιτί
132 3681 162 3743 τό
188 3679 315 3746 ἄνωθεν
351 3677 398 3745 ἔπ’
428 3676 533 3754 αὐτοῖς
563 3679 664 3767 ἔλαχε
692 3681 828 3746 δίκαιον.
858 3675 939 3744 οθτιο
974 3683 1035 3764 χὰρ
1062 3684 1118 3743 καί
1153 3681 1188 3742 τῦ
1216 3679 1317 3743 καλὸν

73 3807 112 3883 τῆς
129 3800 269 3880 εόταξῖας
293 3808 351 3868 καί
376 3801 507 3890 όννομυν
531 3807 617 3868 κατὰ
641 3805 676 3867 τδ
701 3802 788 3876 είκτλς
808 3805 1031 3890 τηρηθήσεται
1050 3799 1107 3866 καλ
1130 3799 1257 3887 λοιάστιρ
1281 3804 1316 3866 τὸ

73 3927 221 4013 ερόυρορυν
249 3931 309 3992 καί
334 3936 499 4014 προσῆκον
528 3923 788 4012 ἀποδοθήσεται,
817 3924 835 3989 δ
863 3925 902 4012 δή
928 3925 1068 4011 μάλιστα
1096 3935 1164 3998 ταῖς
1193 3921 1315 4012 δκκλη-

75 4049 134 4121 οἰοις
157 4059 210 4116 τοῦ
239 4053 322 4116 θεοῦ
345 4053 403 4115 καί
428 4061 508 4116 πᾶσι
541 4059 606 4123 τοῖς
634 4047 728 4135 ἱεροῖς
763 4045 911 4128 εόαχέσιν
946 4046 1049 4122 οἵκυις
1076 4051 1199 4133 κόσμον
1227 4051 1315 4136 ρῖρει

74 4170 108 4232 τίν
127 4167 384 4260 εόπριπίστατον.
408 4175 443 4238 τὸ
466 4177 528 4260 γάρ
550 4173 737 4258 πολίαρχον
763 4175 890 4244 πάντας
912 4176 969 4236 καί
993 4170 1134 4256 ἄναρχον
1158 4172 1215 4234 καί
1238 4189 1315 4234 στα·

74 4293 167 4379 οῦδες,
189 4301 246 4363 καί
271 4294 374 4370 υθτιος
397 4291 558 4382 υόδαμυῦς
582 4307 621 4382 τῇ
646 4289 773 4378 εδταξία
795 4298 892 4367 τόπος
914 4299 971 4359 καί
998 4297 1084 4370 τάξις
1108 4291 1316 4380 ἀποδοθήσε-

76 4435 109 4477 ιιι
126 4418 184 4484 κτλ.
208 4421 293 4487 Acta
309 4417 542 4486 Ρυῖτὶυτυίιείοο
557 4416 896 4504 Οοουῖυυῖίυυροίίῖουί
913 4417 936 4484 1.
953 4435 1026 4504 pag.
1048 4421 1074 4482 l.
1092 4415 1145 4482 Nr.
1168 4419 1193 4482 1.
1210 4414 1265 4482 lin.
1286 4421 1313 4481 ί.

138 4540 274 4609 Tertium
287 4537 1105 4630 τίουίήυυἂίμίυιυτίυιίοοιἰυλίθουυοίίυοιίυουυίυ
1118 4537 1317 4607 Βὶίιίίυῖίιουο

77 4674 236 4748 asservatur,
265 4661 356 4752 quod
375 4662 420 4731 ἱίε
439 4663 591 4732 describit
611 4662 746 4730 Ρουίιιυυ
768 4663 802 4729 in
822 4681 880 4731 σου
901 4661 1045 4748 catalogo
1067 4663 1168 4744 (Τυιυ.
1198 4661 1220 4729 Ι.
1241 4679 1314 4748 pag.
