3168 5274
1224 257 1227 264 ’
1248 271 1313 336 293

10 561 11 570 φ
53 457 117 524 ούδί
140 459 157 526 ό
182 464 347 549 προφανὴς
372 459 462 537 ούτσς
488 465 623 551 ἔλεγχος
647 466 718 538 τούς
742 464 931 550 Σαμβηνούς
956 462 1170 548 ἐπεστόμισεν.
1199 465 1228 525 τί
1250 465 1311 547 γὰρ

10 639 11 666 ,
51 589 118 670 πρός
146 582 274 662 αύτούς,
300 587 426 666 ἔλεγον,
456 587 483 650 εί
510 584 527 650 ὁ
557 581 668 673 ῥηθείς
692 589 865 660 Θεοδόσιος
890 585 1143 665 ἐπλαστεύσατο,
1174 580 1251 650 ὅπου
1276 605 1312 664 γε

10 689 11 770 ί
52 707 81 772 ού
104 711 306 774 συνέπλασαν
332 704 428 786 ούτοι,
454 707 528 773 οὐδὲ
552 711 731 774 συνοίδασιν
756 709 805 775 ἐπί
828 721 867 796 τη
890 711 1020 794 τοιαύτη
1046 703 1234 792 ῥᾳδιουργίᾳ
1257 717 1311 772 τού

51 834 243 917 πλάσματος,
268 836 324 896 καί
348 829 509 898 ἐνίσταντο
534 835 625 898 πάλιν
649 838 704 898 καί
729 831 948 919 ἀπεμάχοντο,
973 830 1033 898 κάν
1059 831 1228 918 ἀποχροίεν
1251 840 1311 896 τῶν
1430 871 1436 878 -

52 957 212 1044 ἐγγράφων
241 957 473 1042 δικαιωμάτων,
499 957 583 1023 ἀλλὰ
607 962 667 1042 γὰρ
691 957 805 1036 ἄλλως,
829 961 942 1030 καθὼς
966 955 1003 1022 ἂν
1027 953 1232 1042 ἀπαιτηθεῐεν
1256 977 1311 1020 νο-

52 1086 143 1166 μίμως
169 1080 302 1166 ἔχουσιν
326 1079 503 1160 ἀποδεῖξαι,
530 1078 578 1147 ύτι
601 1085 723 1155 τούτοις
748 1081 859 1169 ἀνήκει
882 1084 917 1146 τό
941 1079 1189 1166 Ἀλεξάνδρειον.
1218 1076 1309 1166 ἡμεῖς

10 1187 12 1264 ί
52 1211 143 1268 τοίνυν
173 1203 211 1268 ἐκ
246 1208 300 1289 μὲν
330 1215 388 1268 τιῐιν
418 1203 673 1293 ἐμφανισθέντων
701 1202 773 1291 ἡμῖν
796 1208 983 1291 προσφάτων
1012 1205 1232 1290 δικαιωμάτων
1260 1201 1309 1266 δι-

51 1330 222 1392 καιοῦσθαι
258 1329 330 1400 τούς
356 1325 600 1408 Ἃγιοπαυλίτας
629 1326 679 1394 ἐπὶ
706 1329 747 1412 τῴ
778 1328 1006 1412 Ἀλεξανδρείῳ
1037 1327 1309 1406 διαγινώσκοντες,

52 1449 128 1536 ὅμως
151 1453 182 1514 δ’
200 1447 255 1514 ούν
280 1449 312 1526 ἐξ
332 1449 373 1514 ὧν
393 1457 608 1536 προετείνοντο
633 1449 661 1514 οί
685 1449 851 1537 Σαμψηνοί
866 1456 922 1516 καί
940 1449 1129 1524 ἐκστατικῶς
1155 1448 1311 1516 ἐνίκτιντο

52 1577 129 1661 ἔχειν
159 1573 323 1640 ἀνέκαθεν
359 1576 413 1661 τὴν
442 1575 539 1660 νομὴν
565 1571 679 1646 αύτούς
703 1575 745 1660 μη
771 1571 1030 1660 ἀποπεμπόμενοι
1062 1573 1232 1659 ἐκρίναμεν
1255 1577 1311 1639 καί

52 1699 285 1787 ἀπεφηνάμεθα
313 1701 348 1762 τό
376 1696 416 1762 δι’
445 1695 541 1783 ὅρκου
568 1698 802 1786 συκοφαντικοό
833 1703 888 1762 καί
915 1696 1038 1762 τελείου
1067 1699 1311 1783 περιαιρεθῆναι

52 1828 79 1888 τό
113 1824 264 1888 ἐντεῦθεν
300 1820 486 1908 ἀμφίβολον.
521 1831 587 1896 πῶς
622 1825 682 1906 γάρ
716 1825 772 1886 καί
807 1819 957 1908 ἐνεχείρει
992 1819 1098 1893 άλλως
1131 1820 1310 1898 ἐπενεγκεῖν

50 1947 128 2034 ἡμᾶς
156 1947 199 2031 τιβ
230 1945 453 2031 πραγματικὴν
480 1947 579 2031 τομην
607 1950 663 2009 καί
688 1955 876 2032 περιστῆσαι
905 1949 944 2010 τὰ
971 1955 1026 2030 τῆς
1055 1941 1237 2016 ὑποθέσεως
1266 1941 1311 2014 είς

52 2076 79 2135 τό
113 2070 261 2156 ἄμαχον,
297 2069 380 2134 ἔνθα
408 2071 554 2155 τοιαύτην
591 2069 737 2150 ἔνστασιν
773 2065 904 2155 εύρομεν
940 2066 982 2141 ὡς
1018 2067 1212 2152 ἐπιβοάσθαι
1237 2065 1310 2138 τούς

53 2195 245 2281 Σαμψηνούς,
271 2189 319 2256 ὅτι
342 2196 382 2256 τὰ
406 2197 539 2278 μίγιστα
564 2192 669 2278 ἔχοιεν
699 2189 911 2279 ἀδικηθῆναι,
936 2189 965 2256 εἰ
992 2187 1090 2265 ούτως
1118 2187 1224 2262 ἁπλῶς
1248 2187 1311 2256 ἀπό

52 2330 101 2382 των
143 2316 312 2403 ἐγγράφων
352 2321 489 2401 χαρτίων
520 2319 576 2380 καί
616 2318 718 2400 μόνων
750 2316 1023 2380 κατοδικασθεῑεν
1062 2311 1163 2392 ούτοι,
1199 2311 1312 2386 οἵτινες

51 2441 190 2526 ἀκριβῶς,
220 2437 263 2512 ύς
294 2439 450 2526 ἔφασκον,
486 2437 610 2503 οἴδασιν
639 2437 837 2523 ἀπερικίπως
861 2434 966 2512 αύτοῐς
999 2441 1223 2524 προσαρμόσαι
1256 2437 1311 2522 την

50 2575 94 2628 τού
118 2563 362 2648 Ἀλεξανδρείου
385 2562 583 2646 παλαιτάτην
609 2561 716 2646 νομὴν,
743 2558 820 2626 ὃθεν
844 2559 901 2626 καί
923 2558 1127 2647 δρκομωτικόι
1154 2561 1210 2624 δύο
1243 2558 1310 2636 ἐξί-
1426 2579 1429 2588 ’

50 2693 148 2775 θεμεν,
175 2693 233 2752 καί
256 2698 321 2759 τοῖς
344 2683 452 2772 μέρεσι
476 2689 511 2750 τό
536 2683 661 2770 ἑκάστῳ
691 2681 828 2770 ἁρμόζον
853 2683 1100 2770 ἑπιδεδύκαμεν,
1124 2681 1223 2770 ἤγουν
1246 2693 1310 2754 τοῖς

10 2761 12 2848 ί

10 2851 11 2912 η
52 2812 224 2899 οΣμβηνοῖς
252 2813 288 2874 τό
313 2818 367 2874 τού
392 2817 639 2896 συκοφαντικοό,
669 2819 731 2880 τοίς
755 2809 790 2883 δὲ
815 2807 1009 2873 ἀντιδικούσι
1032 2811 1068 2873 τό
1092 2814 1146 2870 τοῦ
1171 2807 1304 2882 τελείου,

10 2925 12 3004 ί
53 2935 86 3008 ὣς
104 2934 140 3000 ἀν
160 2935 191 2999 εί
208 2938 266 3020 μὲν
284 2931 476 3004 ἀκολούθως
490 2931 533 3018 τῷ
547 2937 802 3018 προηγησαμένην
827 2931 1047 3018 συκοφαντικιβ
1075 2927 1225 3015 ἀποδοθῇ
1252 2932 1309 2991 καί

10 3007 12 3024 ί

10 3031 11 3044 ι

10 3053 12 3144 ί
53 3057 216 3135 οτίλειος,
241 3059 459 3121 δικαιωθιδσιν
484 3054 514 3119 οἱ
536 3055 710 3141 Σαμψηνοί,
735 3053 764 3119 εί
786 3055 822 3118 δὲ
850 3051 1027 3119 τούναντίον
1052 3051 1312 3137 ἐπακολουθήσει

10 3235 12 3254 ,
54 3182 250 3254 ἐκτελεσθείς
273 3184 329 3244 καί
352 3177 369 3244 ό
393 3180 514 3252 τέλειος
537 3181 591 3264 την
619 3177 812 3265 καταδίκην,
836 3179 1057 3264 κληρύσονται
1078 3176 1308 3262 ἀνανάκλητον.

54 3311 85 3370 τά
98 3309 133 3370 δὲ
154 3305 362 3392 όρκομωτικόι
385 3307 470 3366 κατὰ
495 3297 581 3387 ῥῆμα
599 3299 726 3388 ἔχουσιν
751 3297 860 3374 ούτως·
883 3297 973 3388 ἡμεῖς
997 3298 1027 3364 οἱ
1055 3297 1117 3364 ἀπὸ
1141 3307 1196 3386 τῆς
1219 3296 1309 3364 Ἐπι-

10 3465 12 3530 η
54 3437 188 3516 σκέψεως
215 3437 272 3492 τού
300 3427 438 3512 Σαμψὼν
467 3424 648 3504 ίκλεγίντες
677 3423 903 3510 ἐπαράσασθαι
927 3428 1020 3509 χάριν
1049 3433 1103 3488 τού
1128 3421 1310 3488 ἀνακαλου-

10 3637 12 3644 y
54 3559 137 3638 μόνου
160 3559 236 3639 παρ’
259 3547 349 3638 ἡμων
376 3552 565 3634 προαστείου
596 3557 650 3612 τού
680 3546 931 3631 Ἀλεξανδρείου,
955 3545 1052 3634 ἤγουν
1081 3543 1098 3612 ό
1127 3545 1312 3632 Τριαλιύνης

52 3681 269 3756 Ἀναστάσιος,
299 3676 458 3746 Φίλιππος
487 3671 582 3738 ότού
610 3671 783 3756 Γεωργίου,
812 3669 957 3756 Ἰωάννης
982 3667 998 3733 ύ
1022 3667 1311 3754 Τξαγγαρόπουλος

10 3809 11 3872 ξ
55 3809 101 3866 καί
126 3804 259 3888 Βάρδας
288 3799 304 3864 ὁ
331 3797 557 3884 Μακροχίρης,
593 3793 748 3880 ύμνύομεν
783 3798 840 3858 καί
874 3795 989 3878 δικαίιρ
1024 3803 1084 3858 τῶν
1120 3797 1311 3858 συνεποίκων

10 3989 11 3994 ,
56 3924 134 4011 ἡμῶν
165 3927 198 3991 ἐν
227 3923 365 4008 καθαρῷ
398 3921 553 3986 συνειδότι
581 3927 690 3982 ταῦτα·
716 3921 760 4003 μὰ
787 3919 827 3980 τά
851 3915 926 3995 ἅγια
953 3926 1008 3980 τού
1031 3921 1112 3980 θεοῦ
1141 3913 1313 3994 εύοιγγίλια

57 4054 103 4113 καί
126 4053 180 4114 τόν
205 4053 307 4133 τίμιον
331 4044 388 4109 καὶ
413 4045 565 4116 ξωοποιόν
591 4045 736 4126 σταυρόν·
759 4043 815 4104 καί
836 4043 916 4104 καθ’
941 4039 975 4103 δν
1003 4043 1113 4123 καιρόν
1143 4036 1229 4123 εἶχον
1257 4037 1312 4122 την

58 4173 232 4259 Ἐπίσκεψιν
254 4180 309 4235 τού
333 4167 470 4254 Σαμψιλν
495 4165 512 4230 ό
536 4189 569 4230 τε
593 4145 790 4248 Καλαμάνος
814 4163 934 4235 ἐκεῖνος
957 4165 1014 4226 καί
1037 4166 1076 4226 τὰ
1104 4165 1170 4247 μετ’
1192 4161 1310 4224 ἐκεῖνον

56 4301 197 4380 πρόσωπα
221 4299 278 4360 καί
300 4295 359 4378 πρό
383 4299 437 4356 τού
462 4289 583 4372 Σάββα,
613 4287 643 4354 οἱ
666 4287 829 4374 Σαμψηνοί
854 4285 1039 4371 ἐνεμόμεθα
1062 4287 1097 4348 τό
1124 4286 1311 4369 πρόαστειον

10 4459 11 4484 ι
54 4429 99 4483 τού
133 4419 376 4502 Ἀλεξανδρείου
410 4409 489 4478 καθ’
525 4410 703 4497 ὁλόκληρον
731 4415 787 4475 καί
823 4409 1031 4495 ἀπερικόπως,
1060 4404 1119 4472 ούκ
1148 4405 1210 4472 ἀπὸ
1240 4403 1311 4489 βίας

56 4547 126 4616 τινός
154 4541 174 4628 ἢ
201 4537 406 4616 δυναστείας,
436 4535 522 4601 ἀλλά
549 4533 610 4600 ἀπό
638 4545 737 4622 νομῆς
763 4533 977 4618 πολυχρονίου
1004 4534 1060 4596 καί
1088 4528 1161 4596 ἄνευ
1192 4531 1312 4602 δόσεως

62 4675 179 4752 μορτῆς,
205 4664 247 4741 ιδς
272 4677 336 4738 τοῖς
360 4657 486 4748 βηθείσι
509 4663 687 4746 προσώποις
710 4660 870 4746 διαφέρον,
895 4659 950 4722 καί
974 4652 1016 4727 ἀς
1041 4652 1196 4742 ὀμνύομεν
1214 4661 1313 4719 ταῦτα
