3168 5274
903 1190 1021 1290 Μ’.

292 1379 376 1447 Aeta
403 1369 599 1445 monasterii
628 1368 742 1445 Sancti
772 1367 869 1443 Pauli
897 1369 931 1443 in
959 1377 1071 1445 monte
1099 1369 1200 1445 Latro
1230 1392 1335 1470 prope
1359 1369 1511 1446 Miletum
1535 1395 1550 1444 ο

335 1518 336 1522 '
771 1509 888 1586 ουιίίοο
907 1510 1072 1587 vaticano.

646 1777 666 1840 Ι.
686 1775 761 1842 Sine
777 1795 868 1853 υιιυο,
886 1780 929 1840 24
946 1774 1057 1854 martii,
1075 1773 1140 1840 ind.
1160 1775 1195 1839 V.

290 1927 416 1998 Μάρτιαι
444 1928 583 1996 ίοροιίεία
607 1925 825 1996 ἀίναίερορκίιιε
848 1927 1019 1980 monasterio
1047 1926 1077 1980 S.
1102 1925 1194 1980 Ρσιιίί
1222 1927 1371 1979 adiudicat
1404 1925 1547 1996 praedium

832 2049 1008 2103 Αίααακάνίί.

376 2219 459 2305 Μηνὶ
477 2219 594 2305 μαρτίῷ
611 2219 669 2296 κδ’,
686 2217 790 2306 ἡμέραι
806 2219 839 2297 ε’,
856 2217 914 2283 ίνδ.
933 2217 963 2283 ε’.
986 2223 1144 2303 παρουσία
1161 2225 1215 2282 τοῦ
1231 2221 1547 2304 πρωτοπανσεβάστον

288 2351 384 2428 κυροῦ
406 2342 540 2429 Μιχαὴλ
563 2352 616 2406 τοῦ
641 2341 765 2421 Ὑαλὲα,
790 2351 844 2406 τοῦ
862 2338 1088 2422 εὐγενεστάτου
1108 2351 1205 2428 κυροῦ
1223 2341 1365 2417 Ἀλεξίου
1381 2353 1438 2407 τοῦ
1461 2341 1541 2426 Κυμ-

286 2476 391 2552 νηνοῦ,
415 2475 469 2530 τοῦ
497 2439 796 2552 πανυπερσεβοίστυυ
821 2469 978 2550 σεβαστοῦ
1006 2475 1102 2552 κυροῦ
1126 2464 1260 2552 Μιχαὴλ
1283 2476 1337 2530 τοῦ
1361 2465 1544 2552 Χιλαρηνοῦ,

287 2599 341 2656 τοῦ
366 2589 484 2655 οἰκείου
508 2591 551 2678 τῷ
573 2591 716 2677 κραταιῷ
738 2595 794 2655 καί
821 2588 902 2675 ἁγίῳ
930 2587 1018 2678 ἡμῶν
1042 2585 1184 2677 αῦθίντῃ
1208 2595 1264 2655 καί
1294 2591 1431 2674 βασιλεῖ,
1458 2598 1545 2674 κυροῦ

286 2715 451 2800 Θεοδώρου
479 2723 533 2779 τοῦ
568 2715 723 2794 Ἀγγὲλου
751 2719 806 2779 καί
835 2712 962 2799 ἑτέρων,
992 2724 1046 2779 τοῦ
1075 2713 1107 2779 έν
1135 2713 1177 2800 τῷ
1208 2713 1361 2800 βασιλικῷ
1385 2716 1545 2797 βεστιαρίῷ

287 2847 520 2928 γραμματικοῦ,
543 2847 641 2924 κυροῦ
656 2837 823 2904 Νικολάου
847 2847 901 2902 τοῦ
918 2837 1125 2924 Καλοήθους,
1150 2842 1206 2902 καί
1223 2837 1335 2924 ἑτέρων
1352 2834 1412 2902 οῦκ
1429 2836 1542 2916 ὀλίγων.

375 2961 498 3028 Ἦλθον
534 2966 589 3048 μὲν
627 2965 683 3026 καί
721 2961 836 3026 ἄλλοτε
872 2961 916 3034 είς
955 2963 1102 3037 διενέξεις
1137 2963 1327 3035 δικαστικὰς
1366 2965 1459 3048 χάριν
1495 2969 1542 3022 τοῦ

285 3091 474 3171 προαστείου
502 3095 556 3151 τοῦ
586 3085 806 3171 Ἀλεξανδρίου
842 3081 933 3150 αῦτοί
961 3109 995 3150 τε
1031 3085 1061 3149 οἱ
1090 3085 1215 3151 ἔποικοι
1249 3095 1308 3172 τῆς
1337 3084 1541 3170 Ἐπισκέψεως

286 3219 340 3273 τοῦ
357 3209 495 3295 Σαμψὼν
516 3213 572 3274 καί
589 3209 618 3273 οί
638 3218 694 3296 τῆς
710 3209 1030 3295 Ἀμαξονοκορακίας
1054 3213 1134 3294 μετά
1157 3214 1284 3274 καὶτοῦ
1309 3214 1424 3294 μέρους
1440 3217 1492 3272 τοῦ
1514 3205 1540 3269 έν

286 3333 328 3417 τῷ
354 3329 420 3417 ὄρει
454 3339 509 3396 τοῦ
538 3331 667 3418 Λάτρου
697 3335 875 3419 σεβασμίας
905 3342 1003 3420 μονῆς
1032 3342 1086 3397 τοῦ
1110 3331 1219 3414 Ἀγίου
1242 3331 1386 3413 Παῦλου,
1418 3331 1472 3397 ἅτε
1493 3333 1540 3394 καὶ

286 3455 545 3542 ἀντιποιουμένης
568 3466 623 3520 τοῦ
647 3459 789 3522 τοιοῦτοι
812 3461 1012 3542 προαστείου,
1037 3455 1079 3530 ὡς
1103 3457 1202 3543 δῆθεν
1225 3454 1306 3544 αὐτῇ
1330 3457 1538 3542 δεδωρημένου

285 3583 344 3644 καί
364 3579 635 3665 παραδεδομένου·
661 3577 728 3644 ἐπεί
750 3581 786 3644 δέ
815 3583 894 3667 μετὰ
923 3583 979 3653 τὰς
1006 3581 1127 3652 πολλὰς
1155 3581 1367 3654 διδασκαλίας
1396 3580 1540 3644 έπεκαλέ-

286 3723 381 3768 σαντα
407 3703 436 3766 οί
459 3701 624 3789 Σαμψηνοί
647 3707 682 3768 τῦ
708 3704 740 3768 ὲν
764 3715 802 3790 τῇ
830 3703 982 3791 βασιλικῇ
1007 3699 1090 3790 αὐλῇ
1114 3707 1333 3790 δικαστήριον,
1361 3701 1538 3791 ἠράσθησαν

285 3829 320 3890 δέ
345 3825 389 3900 είς
407 3837 497 3891 τοῦτο
514 3831 569 3890 καί
593 3825 622 3890 οἱ
644 3825 875 3900 ἀντιδικοῦντες
899 3823 1014 3905 αὐτοῖς,
1038 3831 1094 3890 καί
1110 3828 1289 3910 κατέλαβον
1313 3831 1369 3891 καί
1386 3825 1537 3914 ἀμφότερα

286 3955 380 4037 μέρη,
405 3948 508 4036 ἦλθον
536 3951 572 4014 δὲ
598 3949 629 4014 ἐν
654 3947 756 4036 ταύτῷ
783 3949 839 4014 καὶ
863 3949 892 4014 οἱ
915 3949 977 4016 ἀπό
1002 3961 1056 4038 τῆς
1079 3949 1290 4036 Κλεισοῦρας,
1325 3950 1537 4030 λέγοντοςκαὶ

285 4071 374 4140 αὐτοί
409 4073 593 4139 ἀδικεῖσθαι
627 4077 713 4158 παρὰ
747 4083 805 4138 τῶν
841 4073 1032 4160 Σαμψηνῶν,
1067 4079 1267 4160 πειρωμένων
1302 4073 1344 4160 τῷ
1373 4075 1457 4158 λόγῳ
1489 4081 1535 4154 τῆς

158 4221 166 4234 ‘
284 4197 492 4284 ἀνακλήσεως
520 4206 575 4262 τοῦ
599 4196 839 4282 Ἀλεξανδρείου
867 4201 1166 4262 συνεπισπάσασθαι
1188 4203 1244 4262 καί
1272 4218 1340 4262 τινα
1368 4195 1427 4263 οιίκ
1454 4195 1535 4272 δλίγα

249 4361 254 4374 ,
283 4325 376 4386 τοπία
400 4319 437 4386 ἐκ
461 4331 521 4385 τῶν
545 4323 675 4386 δικαίων
700 4329 756 4406 τῆς
779 4277 989 4405 Ιὸεισοῦρας,
1014 4321 1056 4406 τῷ
1079 4320 1307 4406 Ἀλεξανδρείῳ
1332 4321 1533 4406 συμπαρακεί-

283 4465 372 4530 μενα,
397 4443 582 4531 ιδρίσθημεν
606 4447 641 4509 δὲ
664 4440 753 4532 ἡμεῖς
771 4455 808 4530 τῇ
833 4445 964 4529 τοιαῦτγγ
982 4440 1135 4509 ὑποδέσει
1159 4447 1321 4530 διαιτῆσαι
1344 4447 1533 4514 δικαστικῶς,

283 4568 490 4654 ἀπῃτήσαμεν
515 4573 555 4633 τά
579 4575 657 4655 μέρη
675 4566 856 4655 ἐμφανίσαι,
882 4567 912 4632 εἴ
933 4591 961 4631 τι
982 4589 1040 4631 που
1062 4568 1221 4656 ἔγγραφον
1246 4570 1408 4655 δικαίωμα
1423 4569 1532 4653 έχουσι,

282 4697 338 4754 καί
361 4690 390 4754 οἱ
415 4695 470 4775 μέν
496 4689 557 4755 ἀπὸ
582 4700 636 4755 τοῦ
661 4695 774 4794 μέρους
802 4701 858 4776 τῆς
883 4691 1060 4776 σεβασμίας
1084 4701 1182 4777 μονῆς
1205 4699 1260 4754 τοῦ
1284 4689 1393 4770 Ἀγίου
1416 4690 1532 4756 Παύλου
