3140 5306
265 277 329 341 242

350 467 504 555 ’τΕἶχε
540 472 594 534 τό.
631 473 738 554 μηνί
774 467 1072 558 ρεοροοαρίῳ
1098 468 1177 536 λνδ.
1214 468 1291 533 δεο
1334 471 1442 552 έρας
1472 469 1525 532 δι’

261 590 468 676 έροθρῶν
512 595 793 678 γραμμάτων
835 601 912 678 τῆς
960 593 1217 678 βασιλικῆς
1265 595 1344 656 καὶ
1385 594 1525 664 θείας

261 718 422 802 χειρός
456 721 484 796 β

348 1295 400 1362 IV.
435 1299 465 1376 †.
504 1293 763 1384 Ἔγγραρον
803 1299 988 1384 γράμμα
1026 1304 1104 1362 τοῦ
1142 1293 1526 1380 Καληγοπούλοο

265 1422 554 1504 στρατιώτου
581 1423 659 1484 καί
692 1427 769 1483 τοῦ
798 1417 898 1484 οἱοῦ
927 1417 1069 1486 αὐτοῦ
1104 1423 1242 1507 χάριν
1271 1429 1351 1484 τῶν
1383 1413 1525 1484 αύλα·

262 1547 370 1608 κίων
398 1553 480 1608 τῶν
509 1539 576 1614 εἰς
603 1544 648 1606 τό
677 1543 894 1629 βιβάριον
923 1547 997 1610 τόν
1025 1543 1170 1629 Γῦρον
1198 1538 1343 1608 αὐτῶν
1373 1541 1524 1628 εἰσερ-

261 1671 470 1752 χομένων
506 1663 589 1730 ἀπό
628 1673 704 1730 τοῦ
741 1663 972 1753 Ἕρμωνος
1008 1669 1086 1731 καί
1124 1675 1205 1732 τῶν
1241 1664 1324 1731 ἀπό
1362 1675 1443 1730 τοῦ
1483 1664 1526 1740 ἐξ

262 1787 434 1875 ἀνέμου
461 1787 516 1859 ιδς
550 1787 724 1864 ἀδίκως
753 1791 1130 1890 διενοχλούντων
1158 1801 1208 1878 τη
1243 1799 1357 1878 μονῇ
1384 1795 1525 1877 χάριν

261 1909 407 1978 αὐτῶν
440 1917 470 1994 β

348 2052 460 2133 Σύγνον
489 2055 685 2139 βεστιαρίτοο
713 2052 951 2120 Κωνσταντίνοο
978 2063 1033 2120 τοῦ
1061 2052 1314 2141 Καληγοπούλοο
1340 2056 1399 2119 καὶ
1420 2052 1526 2139 Γεωρ-

261 2175 343 2256 γίοο,
367 2187 423 2242 τοῦ
447 2176 515 2243 οἱοῦ
540 2175 645 2242 αύτοῦ.

307 2399 308 2402 ¹
348 2317 444 2399 †'Ev
472 2316 602 2404 δνόματι
630 2337 660 2382 κ.
687 2339 712 2382 ι.
742 2316 767 2382 ἐ.
798 2316 860 2398 έγύ
889 2316 906 2384 δ
935 2318 1049 2392 δοῦλος
1077 2327 1131 2384 τοῦ
1159 2325 1313 2403 κραταιοῦ
1340 2315 1399 2383 καὶ
1430 2315 1525 2398 άγίοο

259 2441 349 2531 ἡμῶν
374 2441 530 2508 αὐθένται)
552 2445 608 2504 καί
631 2441 789 2524 βασιλέως
812 2445 868 2506 καί
891 2440 907 2506 δ
931 2445 1060 2528 γνήσιος
1084 2440 1149 2514 υἱός
1172 2438 1268 2507 αὐτοῦ
1287 2440 1448 2527 Γεύργιος
1465 2492 1475 2508 .
1491 2491 1524 2507 ..

261 2567 316 2651 τήν
331 2575 493 2651 παροῦσαν
518 2564 706 2649 σομβίβασίν
723 2567 828 2630 τεκαὶ
849 2561 1027 2652 ἀσφάλειαν
1043 2565 1204 2652 τιθέμεθα
1219 2569 1273 2631 καί
1294 2573 1473 2651 ποιοῦμεν.
1491 2616 1499 2632 .
1516 2616 1523 2629 .
1566 2563 1567 2570 '

260 2693 339 2776 πρός
362 2692 409 2770 σέ,
432 2691 485 2752 τόν
508 2690 745 2752 πανσσιύτατον
774 2689 1020 2781 καθηγούμενον
1049 2697 1104 2773 τῆς
1128 2686 1305 2774 σεβασμίας
1326 2685 1524 2755 αύτοδεσττό-

263 2836 318 2878 τσο
347 2812 514 2898 βασιλικῆς
544 2819 640 2896 μονῆς
669 2819 724 2897 τῆς
752 2806 926 2896 ύπεράγνοο
950 2813 1152 2898 θεομητορος
1175 2821 1233 2874 τιῦν
1256 2809 1410 2895 Λέμβων,
1441 2809 1524 2898 ἱερο-

262 2940 404 3022 μόναχον
431 2942 490 3020 κῦρ
513 2933 717 3002 Παῦλον...
750 2932 799 2998 ἐπὶ
824 2907 978 2998 ὑποθέσει
1001 2933 1118 3020 τοιάδε,
1147 2937 1261 3008 καθὼς
1284 2935 1523 3023 δηλωθήσεται·

233 3047 236 3055 ’
261 3064 317 3126 καί
341 3063 401 3146 γὰρ
425 3056 492 3123 έπεί
515 3057 666 3145 ἐδωρήθη
691 3080 746 3145 μοι
767 3061 852 3122 κατὰ
874 3057 969 3137 λόγον
993 3062 1142 3144 προνοίας
1158 3058 1213 3122 διὰ
1235 3063 1328 3125 θείου
1350 3063 1408 3126 καὶ
1433 3063 1523 3144 βασι-

202 3253 207 3258 ,
262 3186 353 3250 λικοῦ
381 3189 598 3270 προσκονητοῦ
627 3179 758 3266 ὁρισμοῦ
786 3183 822 3245 τό
849 3183 933 3246 κατὰ
961 3183 1013 3246 τόν
1036 3182 1154 3247 κόλπον
1182 3192 1236 3270 τῆς
1260 3180 1403 3270 Σμύρνης
1427 3186 1522 3268 βιβά-

263 3327 328 3393 ριον
357 3316 411 3371 τοῦ
438 3313 582 3390 ποταμοῦ
611 3311 666 3368 τοῦ
686 3299 855 3390 Ἕρμωνος
890 3308 969 3391 μετὰ
997 3315 1055 3370 τιῦν
1088 3302 1247 3371 ἀνέκαθεν
1279 3303 1524 3394 ἀπονεμομένων

264 3437 318 3494 τοῦ
342 3431 484 3494 τοιούτοο
508 3428 652 3513 βιβαρίοο
675 3427 808 3493 δικαίων
830 3431 885 3492 καὶ
907 3433 1093 3514 προνομίων,
1119 3427 1270 3518 ἐδωρήθη
1293 3427 1447 3504 ὡσαύτως
1470 3432 1522 3495 διὰ

262 3559 479 3637 προσκονητοῦ
515 3547 647 3636 ὁρισμοῦ
681 3557 736 3616 τοῦ
772 3558 925 3634 κραταιοῦ
959 3554 1014 3616 καί
1049 3549 1140 3631 ἁγίου
1168 3549 1256 3639 ἡμῶν
1284 3549 1444 3618 αύθέντσο
1471 3557 1525 3618 καί

264 3676 420 3762 βασιλέως
454 3677 511 3738 καί
545 3673 785 3760 χροσοβούλλοο
818 3673 916 3752 λόγου
943 3677 999 3738 καὶ
1027 3684 1066 3762 τη
1101 3673 1320 3764 διαληφθείση
1350 3687 1434 3763 μονη
1465 3687 1523 3740 τῶν

262 3797 410 3885 Λέμβων,
434 3793 477 3870 ὣς
492 3799 578 3882 παρὰ
600 3805 656 3882 της
674 3793 769 3874 άγίας
793 3789 889 3861 αύτοῦ
913 3797 1079 3880 βασιλείας
1096 3795 1380 3886 ἀνακαινισθείσης
1405 3800 1522 3886 σχεδόν

265 3920 304 3986 έκ
339 3923 468 4006 βάθρων
496 3929 552 4007 τῆς
587 3915 683 4004 αῦτη-ς
718 3929 829 4006 μονῆς,
864 3923 920 3984 καί
946 3921 981 3986 τό
1009 3923 1094 3986 κατὰ
1124 3925 1179 3987 τόν
1202 3919 1295 3988 αὐτόν
1318 3923 1439 3988 κόλπον
1467 3932 1521 4009 της

263 4044 409 4130 Σμύρνης
433 4043 575 4128 βιβάριον
598 4041 633 4106 τό
650 4039 871 4126 ἐπιλεγόμενον
894 4039 912 4106 ό
935 4041 1037 4128 Γῦρος
1062 4047 1216 4130 μετὰτῶν
1238 4051 1520 4133 προσορμοζόντων

264 4167 308 4254 τῷ
335 4170 466 4254 τοιούτῳ
501 4167 634 4251 βιβαρίιρ
662 4165 808 4242 δικαίων,
831 4169 1087 4254 περιωρίσθησαν
1114 4168 1149 4231 δέ
1179 4168 1264 4242 έντός
1291 4179 1346 4235 τοῦ
1378 4171 1522 4235 τοιούτοιν

266 4293 409 4378 βιβαρίοω
431 4299 487 4378 της
503 4297 601 4376 μόνης
624 4291 664 4352 τὰ
688 4285 720 4363 ἐξ
744 4284 862 4375 ἀνέμου
886 4290 942 4354 σύν
965 4301 1028 4364 τοῖς
1052 4286 1228 4370 αύλακίοις,
1252 4299 1307 4358 καί
1330 4297 1459 4380 νέμεται
1482 4297 1521 4360 τὰ

263 4423 394 4479 τοιαῦτα
419 4411 440 4502 ἡ
468 4409 608 4501 βηθεῑαα
632 4411 712 4497 μονή
741 4409 785 4483 εὶς
814 4414 847 4476 εδ
872 4412 1022 4501 διαφέρον
1046 4409 1143 4500 αὐτῆς
1167 4415 1308 4501 βιβάριον
1333 4419 1385 4482 τόν
1407 4417 1433 4482 Γ
1436 4426 1519 4504 ῦρον,

263 4533 431 4622 έοῦστερον
459 4537 495 4602 δέ
523 4539 604 4622 μετὰ
639 4537 750 4620 καιρόν
778 4557 846 4601 τινα
874 4533 1054 4624 ἀνερόησαν
1082 4537 1225 4614 διενέξεις
1248 4544 1304 4605 καὶ
1332 4542 1520 4630 φιλονεικίαι

263 4663 360 4744 μέσον
384 4659 462 4744 έμοῦ
486 4681 519 4724 τε
542 4663 598 4723 καί
614 4667 669 4743 τῆς
694 4667 790 4744 μονῆς
816 4663 906 4745 χάριν
922 4669 982 4724 τῦν
1007 4657 1038 4734 ἐξ
1054 4657 1171 4746 ἀνέμοο
1193 4667 1324 4730 καὶτῶν
1348 4661 1518 4740 αόλακίων,
