3168 5274
1261 237 1327 304 3³9

67 423 190 512 κυρυῖή
220 427 368 510 βασιλεία
393 449 455 512 μου
478 429 531 494 διά
566 433 798 517 τυύπαρύντος
834 431 1074 518 χροσοβούλλυυ
1097 432 1194 518 λόγου
1230 428 1326 518 ούτής

67 553 115 614 καί
149 551 223 624 τούς
250 555 483 636 προγεγονότας
511 552 556 640 τιβ
589 555 721 640 τοιούτῳ
755 557 960 644 περιποθήτιρ
989 551 1107 641 ἀνεψιιρ
1134 549 1246 642 αύτής,
1281 555 1325 640 τιβ

66 679 236 760 τιμιωτάτῳ
260 671 292 737 έν
320 685 476 762 μοναχοῖς
497 675 654 764 Κομνηνιρ
680 676 769 762 κυριβ
792 675 930 766 Ἰωάσαφ
957 678 1001 764 τῷ
1022 675 1223 763 Μαλιασηνιρ
1248 699 1326 764 χρο-

67 795 266 878 οοβουλλίοος
294 797 410 878 λόγους
433 809 490 886 τής
514 799 680 884 βασιλείας
708 821 768 886 μου
792 804 877 864 κατὰ
899 810 1006 866 πάσαν
1035 795 1138 866 αύτύν
1161 803 1217 887 τήν
1240 806 1326 888 περί·

65 921 161 1006 ληήιν,
197 917 271 984 ἀνευ
295 917 401 1006 μέντοι
424 929 480 1008 τής
503 931 577 1008 μιᾶς
612 931 671 986 τῶν
695 923 935 1012 διαληρθτισύν
971 932 1085 1010 μονῶν,
1120 923 1246 1010 δηλαδή
1270 932 1326 1010 τής

66 1044 266 1130 διακειμένης
289 1041 394 1108 ἐπάνω
418 1053 473 1108 τού
502 1041 594 1130 ὄρους
617 1054 673 1131 τής
695 1043 950 1132 Δρυανουβαίνης
974 1055 1028 1134 τής
1056 1055 1111 1111 τού
1134 1050 1239 1132 τιμίου
1263 1068 1325 1134 μου

64 1166 247 1253 Προδρόμυυ
274 1141 339 1254 τήςΙ
354 1166 441 1242 Νέας
464 1167 598 1255 Πέτρας·
622 1167 730 1257 ἐπειδή
755 1173 816 1256 γὰρ
838 1165 858 1256 ἡ
883 1171 1013 1256 τοιαύτη
1037 1170 1133 1257 μονή,
1157 1168 1325 1250 γυναικεία

64 1287 137 1358 ούοσ
164 1293 202 1355 τό
231 1293 392 1378 πρότερον,
427 1292 563 1378 θελήσει
597 1301 652 1358 τού
687 1293 830 1358 τοιούτου
864 1294 1080 1379 περιποθήτου
1109 1290 1239 1380 ἀνεψιού
1267 1302 1324 1380 τής

63 1415 223 1496 βασιλείας
248 1437 319 1500 μου,
341 1414 512 1503 Κομνηνού
535 1424 632 1500 κυρυύ
655 1415 794 1504 Ἰωάσαρ
817 1424 872 1482 τού
895 1415 1122 1502 Μαλιασηνυύ,
1146 1420 1203 1482 καί
1226 1411 1324 1506 αύτής

16 1628 17 1640 ¹
63 1540 93 1602 δὲ
118 1548 176 1626 τῆς
201 1541 336 1620 συζύγου
360 1536 472 1620 αύτού,
501 1548 556 1626 τής
578 1541 794 1626 περιποθήτου
818 1537 949 1626 ἀνεήιάς
973 1549 1029 1626 τής
1057 1540 1225 1624 βασιλείας
1252 1562 1323 1628 μου,

16 1643 17 1712 Ῑ
63 1671 109 1749 τής
131 1667 324 1750 τιμιωτάτης
348 1672 493 1750 μσναχής
523 1673 622 1748 κυράς
657 1662 839 1750 Ἀνθυύσης
862 1662 1073 1750 Μαλιασηνής
1097 1671 1153 1750 τῆς
1175 1661 1322 1729 Παλαιοα

63 1787 196 1874 λιγίνης,
219 1783 289 1872 ήτις
312 1789 367 1850 καί
390 1787 445 1872 τήν
469 1787 618 1874 τοιαύτην
642 1789 739 1874 μονήν
764 1783 801 1850 ὲκ
825 1789 955 1874 βάθρων
979 1785 1126 1873 ἀνήγειρε
1148 1789 1206 1851 καί
1229 1791 1321 1852 συνέ-

16 1883 17 1944 3
63 1931 181 1994 οτηοεν,
207 1907 411 1998 ἀποκατέστη
436 1919 488 1974 νύν
513 1908 558 1986 είς
584 1908 724 1998 ἀνδρήιον
748 1910 856 2000 μονήν,
874 1907 1003 1998 Ιόρείλει
1027 1910 1113 1997 ἔχειν
1130 1912 1165 1976 τό
1190 1893 1322 1996 στέργον

62 2038 109 2097 καί
143 2032 196 2098 ἐπὶ
219 2036 319 2118 τούτῳ
353 2038 409 2100 καί
433 2033 571 2118 βέβαιον,
596 2036 720 2110 καθύς
745 2033 918 2124 ἀμφότεροι
951 2035 1144 2112 διετάξαντο.
1181 2032 1249 2100 ἐπεί
1283 2035 1320 2098 δέ

63 2155 207 2246 ἀνέρερον
242 2161 298 2222 καί
323 2153 371 2222 ὅτι
393 2155 413 2246 ή
439 2156 484 2230 είς
508 2158 563 2246 τήν
586 2157 774 2244 Χάρμαιναν
798 2159 984 2246 διακειμένη
1009 2159 1089 2244 μονή
1114 2167 1170 2244 ιής
1204 2153 1323 2244 ύπερά-
1439 2142 1442 2164 ¹

63 2301 127 2358 γνυυ
151 2303 215 2366 μου
239 2283 443 2370 θεομήτορος
467 2290 522 2368 ιής
545 2280 712 2362 Παναγίας
738 2279 876 2368 ἀνετέθη
901 2281 945 2354 είς
974 2284 1126 2370 μετόχιον
1154 2285 1240 2367 παρὰ
1267 2290 1323 2346 τού

64 2403 268 2492 ἱερομονάχου
292 2405 466 2472 Θεοδοσίου
490 2402 530 2469 δι’
554 2403 714 2494 ἐγγράφου
739 2401 834 2472 αὐτού
857 2407 1078 2491 παραδόσεως,
1111 2415 1167 2472 τού
1190 2409 1247 2470 καί
1269 2427 1323 2472 συ-

64 2533 258 2616 στησαμένου
293 2530 409 2616 ταύτην
444 2531 523 2616 πρὸς
557 2530 612 2616 τήν
636 2530 814 2616 σεβασμίαν
850 2531 948 2616 μονήν
972 2538 1028 2616 τῆς
1058 2524 1234 2616 ύπεράγνου
1263 2551 1324 2616 μου

63 2653 256 2742 θευμήτυρυς
290 2662 346 2740 τής
381 2652 629 2740 Μακρινιτίσσης
663 2654 719 2718 καί
753 2651 877 2728 ὈΕείας
911 2651 1126 2740 Ἐπισκέβεως
1155 2657 1236 2740 μετὰ
1264 2663 1324 2717 τῶν

63 2781 235 2862 κρουόντων
259 2778 358 2864 ταύτη
382 2777 515 2842 δικαίων
537 2781 594 2842 καί
617 2779 809 2864 πραγμύτων
833 2779 889 2842 καί
916 2780 1141 2862 κατεχομένων
1164 2782 1238 2861 παρ’
1263 2772 1324 2840 αύ-

64 2913 108 2990 τής
131 2907 229 2990 μέχρι
251 2909 307 2966 τού
331 2910 394 2980 νῦν,
419 2897 540 2988 θρείλει
557 2901 644 2988 ἔχειν
667 2905 724 2966 καί
747 2909 838 2964 τούτο
855 2895 955 2974 υύτως
978 2905 1035 2966 καί
1058 2900 1217 2984 διαμένειν
1242 2901 1322 2965 ἀνα-

62 3031 244 3100 τοσπάστως
279 3029 335 3090 καί
371 3023 585 3113 ἀναφαιρέτους
620 3023 665 3100 είς
700 3027 851 3112 μετόχισν
875 3033 930 3111 της
958 3024 1194 3111 διαληφθείοης
1223 3026 1322 3108 σεβα-

63 3155 147 3234 ομίας
179 3159 287 3236 μονῆς.
318 3147 351 3214 αἱ
373 3150 408 3214 δὲ
438 3150 634 3236 δηλωθεῖσαι
658 3149 714 3214 δύο
746 3150 857 3214 τούτου
882 3152 985 3236 μοναί,
1021 3144 1098 3234 ἥτε
1123 3157 1180 3234 τής
1203 3142 1321 3233 ύπτρά·

63 3293 126 3351 γνου
150 3295 212 3362 μου
233 3275 435 3358 θεομήτορος
459 3282 513 3358 τῆς
536 3271 786 3358 Μακρινιτίοσης
809 3275 865 3336 καί
888 3270 1011 3348 Ὀξείας
1028 3270 1242 3358 Ἐπισκέψτως
1264 3275 1320 3336 καί

61 3391 268 3484 ήτοδ-τιμίου
284 3418 345 3484 μου
360 3395 550 3482 Προδρόμυυ
567 3403 623 3481 τής
639 3393 727 3468 Νέας
743 3393 866 3480 Πέτρας
883 3393 915 3460 αἱ
932 3399 988 3458 καί
1005 3396 1176 3476 γονικόθεν
1196 3397 1319 3470 τούτοις

61 3519 261 3612 διαρέρουσαι
285 3517 344 3586 ούκ
368 3517 547 3608 δρείλυυοιν
575 3515 668 3604 ἑτέρα
691 3527 747 3604 τής
770 3517 880 3604 ἑτέρας
903 3519 1210 3600 κατεξανίοταοθαι,
1236 3515 1321 3584 ἀλλά

62 3644 274 3732 διατηρεῖσθαι
309 3641 431 3730 ἑκάστη
464 3647 549 3708 κατὰ
583 3654 689 3708 πᾶσαν
724 3644 779 3729 τήν
804 3643 837 3706 έν
862 3655 925 3716 τοῖς
949 3648 1069 3728 κυρίοις
1093 3647 1319 3729 μοναστηρίοις

62 3768 296 3854 ρυλασσομένην
324 3770 409 3843 τάξιν
438 3790 471 3832 τε
506 3770 561 3832 καί
585 3769 782 3831 κατάστασιν
809 3770 865 3832 καί
887 3770 1038 3854 κατέχειν
1065 3770 1106 3832 τά
1132 3770 1317 3854 προσαρμό-

62 3911 149 3956 σαντα
175 3891 299 3978 ἑκάστη
326 3888 386 3955 ἀνά
411 3895 506 3978 μέρος
529 3894 678 3978 κτήματά
695 3913 727 3954 τε
751 3895 807 3956 καί
831 3893 967 3977 μετόχια
983 3895 1039 3956 καί
1062 3891 1222 3978 μηδέποτε
1246 3911 1317 3955 πει·

62 4017 190 4103 ραθηναι
219 4016 275 4102 τήν
305 4013 415 4100 ἑτέραν
439 4010 611 4094 ὑπαγαγεῖν
636 4013 680 4087 είς
708 4017 858 4102 μετόχιον
881 4017 938 4080 καί
965 4023 1096 4100 ποιήσαι
1120 4011 1168 4102 ὑφ’
1193 4012 1315 4100 ἑαυτήν,

62 4137 133 4204 ἀλλὰ
156 4141 319 4226 διαμένειν
344 4136 405 4203 ἀνά
429 4143 525 4224 μέρος
558 4142 615 4203 καί
638 4139 718 4204 καθ’
742 4133 854 4218 αύτάς,
879 4139 992 4210 καθολς
1017 4133 1104 4203 ούτοι
1126 4139 1215 4204 καθύ
1238 4141 1317 4224 κτή·

61 4284 136 4348 τυρες
164 4269 221 4329 καί
249 4265 457 4348 διεοκέήαντο
481 4267 537 4327 καί
565 4263 758 4337 διετάξαντο.
787 4260 909 4348 ὀφείλει
931 4261 968 4326 δὲ
992 4259 1049 4326 καὶ
1072 4259 1088 4326 ὁ
1112 4259 1179 4334 υἱύς
1202 4255 1314 4342 αὐτῶν,

61 4382 200 4462 ύοίκεῑυς
222 4399 261 4474 τῇ
282 4377 429 4472 βασιλείᾳ
453 4407 513 4470 μου
529 4385 696 4472 Κομνηνδς
712 4393 771 4470 κύρ
788 4383 935 4472 Ἰωάννης
957 4383 1183 4464 Παλαιολύγυς
1206 4381 1314 4450 ύΜα-

61 4508 201 4599 λιασηνύς
219 4499 305 4598 ’μετὰ
329 4513 384 4595 τήν
408 4511 553 4595 τελευτήν
578 4505 679 4572 αύτύν
704 4507 783 4574 εἶναί
807 4531 839 4572 τε
864 4512 921 4572 καί
944 4509 1135 4588 λογίζεσθαι
1193 4554 1201 4570 .
1249 4557 1256 4572 .
1303 4555 1311 4572 .

416 4615 549 4701 Reliqua
565 4613 689 4691 desunt,
706 4614 780 4680 solio
797 4615 947 4680 exscisso.

97 4728 210 4792 Ρστύτιὶ,
223 4749 253 4802 ρ.
267 4729 340 4786 328.
354 4729 525 4792 Zachariae,
542 4728 593 4783 Ιαε
604 4743 871 4800 musco-romanum
883 4727 945 4786 111.
956 4743 989 4802 γι.
1005 4727 1085 4784 όὉΙ.-
1148 4737 1208 4796 22⁸
