3238 5282
1608 447 1609 536 ί

296 463 433 552 εἴρηται,
463 465 648 552 δηλωθείσα
672 467 752 553 μονῆ
781 475 836 532 τοῦ
864 465 1052 552 Προδρέμυυ
1080 463 1215 550 εὑροῦσα
1250 467 1302 529 τάν
1330 467 1471 550 τυχόντα
1501 464 1572 527 δια-

296 593 426 674 σεισμῦν
456 593 513 655 καί
540 585 673 677 ὄχλησιν
701 587 722 677 ἢ
750 587 900 677 ἐπήρειάν
928 611 997 655 τινα
1026 588 1075 654 έτί
1109 587 1152 675 τῷ
1179 589 1416 676 διηγορευμένιρ
1447 587 1572 674 μολικῷ

295 715 486 798 τοποθεσίιρ.
517 710 617 788 οὕτως
642 711 696 780 οὖν
721 712 912 801 ἀρεσδέντες
940 719 996 780 καί
1020 717 1287 804 συμφωνῆσαντες
1310 718 1366 780 καί
1388 716 1429 780 τά
1454 715 1569 800 διηηο-

296 843 433 925 ρεομένα
456 837 595 916 εἰκοσιέξ
618 839 761 905 δυυκάτα
835 885 1567 906 ..............

500 961 633 1050 Reliqua
649 962 779 1043 desunt3
795 963 1016 1030 νοῦτοιαῦτα
1031 984 1049 1030 ο
1065 961 1173 1030 codiee
1192 963 1343 1067 ονυίουυι.

535 1207 672 1276 XXXIV.
693 1209 769 1278 Sine
785 1231 876 1290 anno,
894 1231 1001 1278 menso
1017 1209 1198 1298 septembri,
1216 1209 1281 1275 ind.
1298 1211 1321 1275 Ι.

295 1357 421 1413 mahali
437 1357 616 1422 Ρακααοίκτ,
637 1359 785 1431 episcopm
800 1358 1004 1424 Demetriadis,
1026 1361 1138 1415 subiicit
1156 1360 1327 1414 τυοκασίονίο
1342 1357 1444 1413 Novae
1460 1355 1568 1412 Ρετται

728 1486 931 1540 monasterium
944 1483 1135 1541 Ρονταταασε.

297 1633 601 1721 Ἐκδοτηριον
646 1639 834 1723 γράμμα
881 1645 957 1701 τοῦ
1003 1635 1338 1724 Δημητρίαδος
1375 1633 1567 1720 Μιχαῆλ

341 1767 418 1826 τοῦ
452 1757 726 1846 Παναρέτοο
755 1760 828 1826 έτί
862 1773 911 1848 τῆ
940 1771 1018 1848 τῆς
1052 1759 1356 1846 Πορταραίας
1392 1768 1520 1844 μονῆ.

805 1916 932 1984 Initium
948 1916 1045 1984 deest

296 2206 570 2288 παντυγεντστάτῃ
598 2201 752 2291 Κομνηνῆ
780 2205 836 2267 καί
866 2201 1028 2290 Δυυκαίνῃ
1056 2199 1140 2288 κυρά
1170 2200 1272 2286 Ἀννῃ
1301 2211 1340 2286 τῆ
1370 2197 1566 2287 Μαλιασηνῆ

297 2311 353 2412 τῆν
377 2327 556 2412 σεβασμίαν
580 2327 678 2414 μονῆν
702 2333 757 2413 τῆς
781 2321 953 2413 ἀτεραηίας
977 2329 1136 2391 θεοτόκου
1153 2325 1208 2412 τήν
1233 2321 1488 2410 έπικεκλημένην
1512 2333 1567 2410 τῆς

298 2447 517 2536 Πορταραίας,
553 2447 596 2524 ῦς
623 2447 662 2515 ἀν
690 2455 818 2537 κατέχῃ
854 2452 971 2537 ταύτην
999 2449 1046 2524 είς
1075 2452 1224 2535 μετόχιον
1252 2444 1272 2535 ἡ
1300 2443 1373 2533 παρ’
1409 2443 1498 2534 ἡμῶν
1531 2445 1566 2510 ἐκ

298 2574 429 2658 βάθρων
457 2568 559 2638 αὐτῶν
595 2571 809 2660 ἀνεγερδεῑσα
838 2578 1004 2652 γυναικεία
1031 2573 1246 2658 πατριαρχικῆ
1276 2572 1356 2658 μονῆ
1385 2579 1441 2636 τοῦ
1464 2576 1566 2655 τιμίου

298 2693 489 2784 Πρυδρὸρου
523 2706 580 2784 τῆς
613 2695 701 2772 Νέας
735 2697 859 2784 Πέτρας
886 2694 906 2785 ῆ
936 2695 968 2761 ἐν
997 2698 1040 2782 τῷ
1073 2699 1192 2782 θέματι
1221 2705 1276 2782 τῆς
1311 2694 1565 2780 Δρυανουβαίνης
1608 2719 1609 2796 ῃ

297 2819 485 2908 διακειμένη
511 2824 592 2905 μετὰ
615 2824 738 2886 πάντων
765 2831 824 2884 τῶν
850 2818 992 2906 ἀρχαίων
1020 2821 1151 2884 δικαίων
1175 2823 1231 2883 καί
1256 2823 1434 2905 προνομίαν
1459 2812 1564 2903 αὐτῆς,
1608 2803 1609 2816 ’

298 2939 397 3032 ἤγουν
426 2942 629 3030 ἀμπελώνων,
656 2949 843 3033 ,χωραρίωη
872 2953 930 3030 γῆς
955 2941 1092 3031 ὀρεινῆς,
1120 2943 1262 3028 πεδινῆς,
1295 2942 1488 3027 νομαδιαίας
1510 2942 1565 3004 καί

298 3077 359 3132 τῦν
384 3065 416 3132 ἐν
441 3065 522 3155 αὐτῆ
544 3065 821 3155 προσκαθημένων
847 3077 937 3132 τινῦν
960 3066 1115 3153 Βλοίχων,
1143 3063 1211 3132 ἐπεί
1233 3069 1289 3130 καί
1311 3063 1328 3130 δ
1352 3068 1562 3152 τρισμακάρι·

299 3213 373 3265 στος
397 3195 454 3256 καί
478 3190 624 3277 ἀοίδιμος
646 3193 749 3278 πατὴρ
773 3188 871 3278 ὑμῶν,
897 3187 914 3255 δ
941 3196 1228 3270 πανευγενέστατος
1256 3187 1425 3276 Κομνηνδς
1453 3185 1470 3253 ὁ
1494 3187 1563 3254 Μα-

298 3307 462 3402 λιασηνός,
492 3311 509 3379 δ
534 3313 566 3381 ἐν
591 3315 633 3401 τῷ
659 3319 739 3400 θείῳ
762 3319 819 3380 καί
843 3313 1003 3400 ἀηγελικῃί
1029 3317 1172 3400 σχήματι
1196 3315 1452 3398 μετονομασθείς
1475 3311 1563 3378 Κων-

300 3443 444 3512 στοίντιος
468 3441 621 3526 μοναχάς,
646 3435 705 3504 οὐκ
729 3437 840 3519 δλίηας
864 3437 992 3513 ἐξόδους
1007 3437 1206 3521 κατεβάλετο
1231 3433 1263 3500 ἐν
1287 3431 1368 3522 αὐτῆ
1394 3435 1441 3508 εἰς
1463 3457 1563 3500 κατα-

298 3563 443 3650 ρῦτιυοιν
480 3571 535 3626 τοῦ
570 3559 602 3624 έν
638 3557 718 3650 αὐτῆ
748 3559 934 3649 ἀμπελῶνος
969 3563 1025 3626 καί
1059 3571 1119 3625 τῶν
1155 3562 1270 3646 ταῦτης
1304 3560 1442 3624 κελλίων
1475 3563 1563 3645 χάριν

300 3689 439 3772 ψυχικῆς
462 3682 559 3751 αὐτοῦ
589 3690 747 3772 σωτηρίας
774 3689 830 3750 καί
857 3687 1025 3772 διηνεκοῦς
1053 3687 1254 3771 μνημοσῦνου
1284 3681 1417 3749 ἐκείνου.
1448 3680 1563 3768 δρείλει

298 3809 334 3874 δὲ
363 3810 566 3896 κατέχεσθαι
592 3805 612 3896 ἡ
637 3809 768 3895 τοιαύτη
793 3804 842 3897 ὑφ’
867 3805 953 3896 ἡμᾶς
982 3809 1061 3894 μονὴ
1086 3817 1142 3894 τῆς
1165 3803 1412 3894 Πορτοιραίαςὴ
1439 3804 1561 3871 ἀποκει-

299 3937 379 4022 μένη
406 3944 445 4022 τῆ
472 3939 545 3999 κατ’
574 3932 630 4021 ἐμὲ
655 3931 818 4019 ἁγιωτάτῃ
843 3932 1001 4019 έπισκοπῆ
1029 3932 1254 4020 Δημητριάδος
1276 3936 1366 4017 παρὰ
1389 3931 1560 4018 τῆςσεβα-

299 4061 395 4145 σμίας
429 4067 663 4145 πατριαρχικῆς
702 4067 800 4144 μονῆς
837 4064 894 4120 τοῦ
932 4055 1121 4142 Προδρῦμοο
1160 4053 1414 4130 ἀναποσποίστως
1455 4055 1500 4127 είς
1531 4055 1560 4116 τὸ

299 4185 444 4268 διηνεκὲς
472 4179 516 4257 ιδς
544 4181 660 4246 οἰκεῖον
688 4183 805 4268 ταύτης
834 4184 995 4266 μετῦχιον.
1031 4175 1149 4266 δφείλω
1176 4181 1212 4244 δέ
1239 4179 1331 4260 κάῃιδ
1360 4184 1417 4245 καί
1445 4180 1475 4245 οί
1502 4181 1560 4264 μετ’

299 4305 356 4393 ίμλ
392 4305 448 4372 σῦν
482 4305 552 4392 θεῷ
583 4303 753 4392 μέλλοντες
788 4302 1036 4390 ἀρχιερατεῦσαι
1071 4315 1110 4390 τῆ
1141 4308 1212 4368 κατ’
1248 4303 1319 4390 ἐμέ,
1357 4303 1401 4377 ὡς
1437 4303 1560 4388 εἴρηται,

299 4429 463 4516 ἁγιωτάτῃ
488 4427 644 4516 ἐπισκοτῃ
669 4428 757 4514 ἔχειν
785 4425 1008 4502 ἀνεξάλειπτον
1036 4431 1093 4491 καί
1116 4427 1246 4514 διηνεκῆ
1271 4429 1326 4514 τῆν
1355 4429 1482 4514 συνῆῦῃ
1505 4435 1559 4492 τοῖς

300 4553 498 4641 ἀρχιερεῦσιν
527 4551 689 4639 ἀναφορὰν
714 4549 746 4615 ἐν
770 4563 808 4637 τῆ
837 4553 966 4636 τοιαύτη
991 4559 1047 4636 τῆς
1071 4549 1274 4636 Πορταραίας
1304 4563 1385 4638 μονῇ
1415 4555 1469 4614 καί
1492 4548 1558 4629 ἐτη·

299 4683 375 4750 σίως
404 4691 516 4763 κηρίου
545 4679 652 4760 λίτρας
681 4685 760 4756 τρεῖς
784 4677 839 4738 καί
862 4675 957 4738 πλέον
986 4671 1077 4738 οὐδέν
1101 4675 1154 4737 διὰ
1183 4677 1218 4737 τῦ
1242 4675 1353 4739 δοῦναι
1382 4677 1434 4738 τδν
1458 4691 1555 4758 μακα-
