3140 5284
294 237 354 302 140
475 246 478 254 '

290 426 344 495 οὖν
373 427 593 515 ἀνυπιρόίτως
627 433 712 494 ιιατά
741 432 775 494 τό
809 431 910 513 παρόν
940 438 995 516 τῆς
1025 431 1189 514 βασιλείας
1218 453 1277 516 μου
1305 434 1505 516 πρόσταγμα,
1533 431 1548 493 ό

288 557 345 618 καί
369 550 571 638 ἀντίστρεψον
594 555 671 637 πρός
695 554 749 638 τήν
775 554 872 639 μονὴν
897 548 936 616 δι’
963 551 1140 641 ἀσφάλειαν
1165 558 1194 634 †.

376 694 529 780 ’ςΕἶχτ
554 697 610 758 τό·
636 698 743 781 μηνί
768 699 940 780 μαρτίιμ
968 694 1049 758 ίνδ.
1077 701 1237 781 τρίτης
1267 696 1318 758 δι’
1347 693 1548 780 ἀμυδρῶν

288 822 571 905 γραμμάτων
596 827 673 904 τῆς
698 820 952 906 βασιλικῆς
975 824 1053 883 οιαὶ
1075 822 1215 894 θείας
1239 822 1400 906 χειρός
1423 824 1454 898 †.

510 1133 629 1200 LXXII.
648 1134 877 1217 6791-1291,
894 1155 1000 1200 mense
1016 1135 1183 1216 februario,
1200 1135 1265 1202 ind.
1282 1137 1333 1202 lv.

480 1299 609 1354 Μίοόαὲί
626 1299 750 1370 Αυρσίιιο
767 1299 963 1371 Οαιυρσιόοίοτ
978 1304 1149 1356 monasterio
1165 1303 1255 1357 donat
1270 1304 1368 1357 olivas.

373 1491 394 1568 †
428 1485 483 1552 Τό
523 1490 710 1573 γράμμα
749 1497 826 1572 τῆς
863 1491 1185 1571 προσσνόειως
1224 1499 1302 1554 του
1339 1489 1544 1575 Κουμτα-

286 1609 1545 1699 ριιότουἈγγὲλουΜιχαήλχοίριντιῖινάπότῆςγυναι-

285 1739 365 1808 τιός
394 1731 535 1799 αὐτοῦ
564 1732 1545 1824 ΜαρίαςτῆςΒυυίηνῆςάφτθὲντωναάτῲ

284 1856 1470 1946 ἐνδιαδήιιωςέλαίκῶνδὲνδρωνέντηΜοινταίτγγ.

372 1999 482 2079 Σίγνυν
507 2003 697 2083 στρατιώτου
720 1998 854 2085 Μιχαὴλ
878 2009 933 2064 τοῦ
956 2000 1217 2086 Κουμπαριιότου.

372 2161 391 2237 †
420 2156 471 2223 Ἐν
500 2155 631 2242 ὀνόματι
658 2179 689 2222 τι.
719 2179 744 2220 τ.
774 2159 801 2221 λ.
831 2157 966 2244 Μιχαὴλ
998 2158 1161 2238 Ἄγγελος
1190 2159 1206 2225 ό
1234 2160 1487 2247 Κουμτοιριώτης
1513 2165 1543 2224 τό

281 2283 381 2368 παρόν
409 2291 465 2366 τῆς
498 2289 711 2368 προσαγωγῆς
738 2277 827 2365 ἡμῶν
856 2285 988 2385 γράμμα
1020 2281 1117 2368 ἤγουν
1145 2285 1376 2368 προσενὲξεως,·
1403 2283 1470 2350 ἐπεὶ
1495 2289 1544 2348 καί

282 2403 407 2472 ἀνωθεν
431 2393 486 2468 τοδ
509 2408 663 2490 παρόντος
687 2401 783 2492 ὅρους
807 2407 860 2468 τόν
885 2411 987 2491 τίμιον
1011 2410 1067 2470 καὶ
1091 2411 1244 2480 ζωοτοιόν
1269 2412 1404 2494 σταυρόν
1430 2409 1541 2472 οἰκειο-

281 2535 396 2617 χείρως
425 2527 571 2615 ἐποίησα
597 2529 722 2616 ἔφθασε
743 2530 777 2592 δὲ
803 2525 822 2614 ἡ
848 2533 924 2616 γυνή
950 2551 1010 2615 μου
1036 2527 1157 2618 ἐκείνη,
1182 2536 1265 2617 ιιυρά
1287 2531 1399 2617 Μαρία
1422 2531 1442 2620 ἡ
1466 2533 1542 2599 Βου·

283 2631 372 2740 ζηλιή,
397 2655 587 2739 χρήσασθαι
610 2651 654 2736 τιρῑ
674 2653 759 2716 τὲλει
783 2661 837 2716 τοῦ
855 2655 935 2735 βίου,
960 2650 1030 2738 ἥτις
1047 2659 1102 2718 καί
1120 2653 1264 2742 ἐπαρῆγὲ
1290 2680 1343 2743 μοι
1367 2659 1422 2722 διὰ
1446 2661 1541 2742 γράμ-

281 2800 381 2863 ματος
410 2775 507 2863 αότῆς
542 2774 672 2840 ἐνώπιον
702 2773 887 2850 ἀξιοπίστων
916 2773 1051 2841 τοπικῶν
1081 2776 1242 2864 ἀρχόντων
1271 2779 1307 2844 ἐν
1335 2790 1390 2866 της
1418 2781 1541 2865 προικός

282 2899 388 2988 αὐτῆς,
415 2897 490 2985 ὅπερ
515 2897 552 2965 ἂν
576 2903 632 2963 καὶ
661 2898 728 2985 εἶχε
756 2900 897 2984 θέλημα·
929 2904 1008 2986 μετὰ
1037 2909 1095 2964 τῶν
1125 2899 1205 2966 δλων
1239 2899 1382 2991 ίταρῆυιὲ
1414 2927 1466 2990 μοι
1491 2908 1541 2967 οιαὶ

281 3025 326 3097 τίς
354 3026 409 3110 την
436 3023 603 3088 Μοίνταιαν
632 3020 664 3097 ἐξ
692 3018 773 3086 ὅσων
802 3027 858 3086 καί
887 3021 953 3107 εἶχε
978 3025 1114 3110 δὲνδρων
1138 3026 1275 3091 ἀλαίνων
1300 3032 1339 3094 τὰ
1362 3034 1452 3113 τρίτα
1474 3029 1539 3091 τοό-

280 3170 349 3216 των.
374 3151 430 3235 τὴν
455 3152 592 3235 σήμερον
616 3155 691 3226 γοῦν
715 3143 867 3233 ἠθέλησα
891 3143 973 3220 ὅπως
999 3147 1142 3214 ἐπιδώσω
1166 3152 1200 3214 τό
1226 3153 1386 3238 μεριδιιιόν
1413 3175 1472 3237 μου
1494 3153 1538 3213 δί-

277 3294 370 3340 ιιαιυν
400 3273 444 3346 τίς
474 3275 528 3358 τὴν
556 3273 735 3355 ’σεβασμίαν
763 3269 820 3350 οιαὶ
848 3259 942 3349 ἀγίαν
968 3273 1136 3358 βασιλικὴν
1166 3276 1263 3360 μονὴν
1288 3285 1343 3362 της
1371 3271 1539 3361 ὑπιροίγνου

279 3419 339 3484 μου
367 3401 569 3482 δεομητορος
603 3405 658 3482 τῆς
686 3395 943 3482 Λεμβιωτίσσης,
980 3393 1055 3481 ὅπερ
1084 3398 1122 3482 δὴ
1152 3403 1208 3462 καί
1241 3399 1443 3488 παραδίδωμι
1470 3401 1537 3482 πρός

278 3523 394 3606 τοιότην
418 3525 557 3606 ψυχιιιῆς
580 3517 678 3582 ἕνεκα
702 3524 858 3604 σωτηρίας
882 3529 938 3605 τῆς
962 3521 1171 3604 μοιτιαρίτιδος
1201 3527 1350 3602 γυναικός
1378 3545 1438 3607 μου
1462 3522 1537 3586 ὲκεί-

277 3665 349 3730 νης,
378 3653 477 3728 νυρᾰς
499 3639 637 3726 Μαρίας,
658 3640 756 3727 ἤγουν
785 3643 900 3728 δίνδρα
929 3640 1043 3708 ὲλσιϊιιόι
1073 3643 1175 3708 εἴκοσι
1203 3651 1284 3731 μετὰ
1311 3646 1369 3711 οιαὶ
1396 3657 1451 3734 τῆς
1474 3645 1534 3712 ἐπι-

278 3769 475 3853 στιιαζυόσης
504 3761 605 3829 αὐτῶν
641 3774 700 3850 γῆς
728 3769 767 3828 τόι
801 3769 857 3829 καί
883 3767 1016 3852 πλησίον
1045 3763 1120 3832 ὄντα
1149 3779 1208 3832 τιόν
1238 3769 1378 3836 ἔκπαλαι
1409 3773 1535 3855 δόνδρων

279 3898 337 3979 τῆς
359 3892 507 3975 τοιαύτης
531 3899 638 3976 μονῆς,
663 3892 720 3952 οιαὶ
744 3886 864 3974 όρτίλει
887 3913 907 3976 η
933 3891 1012 3976 μονὴ
1038 3888 1100 3955 ἀπό
1124 3901 1181 3978 τῆς
1205 3897 1344 3980 σήμερον
1368 3894 1536 3980 ἐπικρατεῖν

277 4019 333 4081 καί
360 4017 524 4087 δεσπόζειν
554 4008 656 4076 πότων
686 4016 765 4097 μετὰ
795 4023 854 4076 τῶν
884 4008 932 4077 ὑπ’
963 4009 1059 4100 αὐτὴν
1090 4013 1294 4101 ἀσκουμένων
1324 4031 1471 4106 μοναχῶν
1498 4014 1535 4088 ὡς

275 4137 385 4225 πόριοι·
405 4139 558 4206 δεσπόται
586 4148 646 4203 τῶν
675 4139 823 4201 τοιούτων
854 4137 999 4220 δένδρων.
1028 4137 1057 4202 τὶ
1081 4140 1116 4202 δέ
1140 4163 1187 4212 τις
1211 4136 1263 4227 ἀφ’
1287 4138 1376 4227 ἡμῶν
1405 4155 1463 4208 τῶν
1486 4163 1536 4228 με·

275 4272 334 4352 ρῶν
363 4258 383 4350 ἢ
411 4271 471 4326 τῶν
498 4271 678 4346 προσγενιῑιν
713 4257 801 4346 ἡμῶν
829 4263 884 4322 καί
913 4259 1086 4347 ἀλλοτρίων
1123 4265 1270 4351 βουληθῇ
1300 4264 1471 4354 ἀνατρέψαι
1499 4268 1533 4328 τὰ

199 4429 203 4440 ·
273 4389 383 4459 καλῶς
406 4391 464 4450 οιαὶ
487 4395 628 4472 φανερῶς
656 4381 727 4470 παρ’
756 4383 845 4470 ἡμῶν
879 4381 1058 4448 ἐαδοδόντα
1089 4391 1145 4452 καί
1175 4386 1394 4476 ἀφιερωδόντα
1421 4403 1457 4476 τη
1485 4391 1533 4474 δη-

273 4513 418 4595 λωδτίση
456 4519 537 4595 μονῇ
565 4529 595 4572 τι.
626 4531 652 4572 τ.
682 4509 710 4572 λ.
741 4509 983 4593 ζημιωθήσεται
1018 4507 1063 4581 τίς
1094 4513 1130 4575 τό
1164 4513 1329 4594 βασιλικόν
1365 4517 1533 4598 βτστιόμιιιν

273 4632 315 4706 ὣς
350 4631 512 4718 ἀόιτητὴς
541 4642 596 4718 τῆς
631 4637 797 4712 γεγονυίας
825 4628 912 4717 ἡμῶν
953 4634 1095 4714 πράξεως
1123 4632 1280 4722 ὑπὲρπυρα
1320 4639 1425 4724 λίτραν
1465 4643 1533 4724 μίαν
