3140 5306
265 277 329 338 220

264 471 352 555 παρὰ
375 480 430 538 τού
459 475 574 559 μίρους
602 469 700 560 αὐτῆς
727 471 782 560 τῆν
811 469 994 561 ἀνήκουσαν
1016 471 1116 558 τούτῳ
1144 473 1263 560 μοριῆν
1287 469 1349 538 ἀπό
1376 481 1438 537 τῶν
1464 493 1534 536 τοι·

266 598 364 661 ούτιον
387 599 567 685 χυραρίιυν.
592 593 641 660 ἐπὶ
657 596 756 682 τούτῳ
780 599 841 682 γὰρ
862 593 1005 677 ἐγεγόνει
1027 591 1116 684 αύτηῖ
1137 597 1195 663 καί
1217 591 1235 662 ὁ
1257 596 1364 682 παρόν
1386 604 1447 683 τῆς
1471 596 1535 679 βα-

266 721 388 794 σιλείας
411 741 471 806 μου
494 716 625 806 ὁρισμός
649 718 694 794 εἷς
718 716 897 808 ἀσφάλειαν
920 723 951 802 †.

209 853 212 860 “
354 861 507 950 ῆΕίχι
535 865 593 928 τό·
622 865 728 950 μηνί
760 859 923 948 ὶουνίιρ
956 860 1038 928 ὶνδ.
1065 859 1206 950 ἕκτης
1235 863 1288 927 δι’
1323 861 1534 950 ίρυδρῶν

267 990 547 1073 ’γραμμάτων
586 995 664 1072 τῆς
708 987 966 1074 βασιλικῆς
1002 990 1081 1051 καί
1119 989 1256 1060 δείας
1300 988 1469 1074 χειρός
1506 989 1536 1067 †.

266 1109 424 1197 ’γΕἶχε
452 1112 604 1176 δὲκαὶ
631 1113 829 1196 κηρίνην
859 1111 1061 1194 βούλλαν
1090 1110 1165 1175 διὰ
1194 1107 1536 1176 τυόδείοοκαί

268 1231 1534 1321 βασιλικούδακτυλίυυκαί,ύιςἔδοςτοῖςμεσσίζουσι,

267 1360 483 1426 κότυδεν
510 1354 910 1445 σεσημειυμίνυν·
945 1357 1022 1423 διὰ
1050 1365 1128 1422 τού
1155 1355 1358 1445 Τορνίκη
1389 1354 1536 1444 Δημη-

268 1487 450 1578 τρίουβ.

524 1766 686 1836 ΟΧΧΧΝ.
707 1766 891 1847 sinemo,
909 1785 1015 1834 mense
1030 1763 1121 1847 maio,
1137 1763 1204 1832 ind.
1221 1765 1271 1833 1v.

497 1915 661 1989 Imperator
675 1917 745 1971 ιἀτα
759 1925 786 1972 τι
798 1916 951 1988 privilegia
965 1917 1134 1972 αιοπαιίειόι·
1148 1916 1306 1989 σαπρότατον.

356 2064 579 2155 ’γἛτερον
605 2071 893 2155 πρόσταγμα,
925 2065 1178 2154 ίπικυρούν
1206 2070 1256 2133 τό
1283 2075 1362 2154 τῆς
1389 2074 1534 2153 μονῆς

271 2189 1037 2282 χρυσόβοολλακαὶδικαιύματα,
1062 2187 1448 2271 ὅσακαίείσίνῒ.

356 2337 377 2416 †
404 2331 491 2399 Ἐπεί
517 2331 534 2398 ό
560 2333 809 2420 καθηγούμενος
842 2336 899 2400 καί
928 2331 958 2398 οἱ
982 2335 1120 2420 μοναχοί
1146 2341 1202 2420 τῆς
1224 2333 1406 2418 σεβασμίας
1439 2341 1536 2419 μονῆς

232 2511 243 2534 ,
272 2467 327 2545 τῆς
355 2459 522 2543 βασιλείας
550 2479 610 2543 μου
633 2465 689 2544 τῆς
716 2459 802 2522 κατὰ
824 2459 860 2522 τό
888 2453 963 2544 ὄρος
990 2465 1047 2545 τῆς
1074 2455 1218 2544 Σμύρνης
1245 2457 1455 2544 διακειμένης
1482 2465 1557 2542 τῆς

273 2578 447 2668 ύπερόγνου
470 2583 631 2647 δεοτόκυυ
654 2583 711 2646 καὶ
735 2579 1012 2668 όπονομαζομίνου
1040 2589 1095 2646 τού
1118 2577 1250 2666 Λίμβυυ
1273 2578 1461 2669 δδεῆδησαν
1484 2589 1538 2666 τῆς

273 2706 439 2790 βασιλείας
473 2727 533 2792 μου
561 2703 693 2792 ὁρισμοῦ
721 2706 838 2792 ταύτης
869 2714 988 2792 τυχεῖν,
1024 2701 1281 2789 ἔπιβεβαιούντος
1314 2707 1355 2768 τὰ
1381 2707 1538 2790 προσόντα

273 2826 379 2904 αὐτοῖς
407 2830 631 2917 χρυσόβυυλλα
664 2832 721 2894 καί
749 2827 822 2902 τούς
849 2827 977 2902 λοιπούς
1006 2825 1158 2914 ὁρισμούς
1185 2835 1241 2894 τού
1270 2826 1419 2915 ἀοιδίμου
1449 2828 1538 2912 βασι-

272 2956 353 3028 λέως
375 2958 432 3019 καί
453 2955 572 3040 πατρός
593 2961 648 3040 τῆς
671 2953 837 3037 βασιλείας
861 2973 921 3037 μου
941 2955 997 3018 καί
1019 2953 1059 3016 τὰ
1082 2951 1179 3017 λοιπὰ
1201 2952 1378 3038 παλαιγενῆ
1403 2951 1536 3016 δικαιό-

273 3099 360 3164 ματα
392 3079 449 3142 καί
482 3079 568 3142 κατὰ
596 3079 652 3151 τὰς
680 3070 783 3141 αύτιῖιν
816 3075 1000 3162 περιλῆψιις
1027 3079 1178 3163 κατέχειν
1209 3073 1267 3140 καὶ
1293 3077 1454 3162 νέμεσθαι
1483 3074 1534 3160 τῆν

273 3203 421 3289 τοιαύτην
456 3201 553 3288 μονῆν
592 3197 814 3288 ἀνενοχλῆτυς
851 3202 907 3264 καί
945 3196 1156 3274 ἀδιασείστως
1192 3201 1249 3264 καί
1286 3196 1535 3269 ἀναποσπαίστυς

274 3330 377 3391 πάντα
403 3327 442 3389 τὰ
465 3321 662 3412 όδενδῆπυτε
688 3326 959 3410 προσαρμόσαντα
982 3333 1021 3412 τῆ
1044 3325 1176 3410 τοιαύτη
1206 3335 1287 3410 μονῆ
1310 3325 1462 3410 κτῆματα
1483 3323 1535 3386 καί

274 3451 370 3514 λοιπὰ
394 3443 603 3530 ύποστατικόι,
629 3445 692 3512 εἴτε
716 3444 779 3513 όιπό
801 3447 928 3533 δωρεῶν
952 3457 1007 3513 τού
1031 3445 1180 3534 ἀοιδίμου
1204 3447 1361 3532 βασιλέως
1383 3450 1440 3512 καί
1472 3469 1533 3512 πα-

274 3573 349 3659 τρός
371 3579 426 3657 τῆς
450 3571 616 3655 βασιλείας
640 3593 699 3657 μου
721 3573 898 3658 περιῆλθον
923 3566 1014 3658 αύτῆ,
1038 3569 1100 3636 είτι
1125 3569 1158 3647 ἐξ
1181 3565 1368 3658 ἆγορασίας,
1393 3569 1459 3636 εἴτε
1481 3571 1534 3634 καί

275 3694 337 3763 ἀπό
361 3695 574 3782 προσινόξειυς
601 3705 691 3759 τινῶν
719 3695 944 3782 ριλοχρίστιυν,
968 3698 1025 3760 καί
1046 3690 1067 3782 ῆ
1092 3695 1240 3779 βασιλεία
1264 3715 1324 3782 μου
1347 3705 1386 3782 τῆ
1411 3693 1532 3780 αἰτῆσει

276 3817 377 3887 αύτιῖιν
399 3827 588 3906 προσχούσα
610 3820 664 3883 τόν
685 3821 828 3905 παρόντα
847 3817 976 3906 όρισμόν
1001 3813 1098 3906 αὐτῆς
1121 3815 1256 3905 ίπιύρεξι
1280 3820 1411 3896 τούτοις,
1436 3816 1475 3882 δι’
1498 3807 1532 3880 ού

274 3949 330 4012 καί
352 3946 524 4031 διορίζεται
539 3945 574 4009 τό
598 3940 723 4028 ἑδραῖον
746 3943 834 4029 ἔχειν
856 3946 912 4008 καί
928 3941 1176 4030 ἀπερικλόνητον
1199 3945 1239 4007 τά
1260 3965 1294 4008 τε
1313 3939 1531 4030 χρυσόβουλλα

275 4074 332 4136 καί
359 4069 431 4142 τούς
465 4067 595 4142 λοιπούς
623 4062 772 4153 ὁρισμούς
806 4074 860 4130 τού
889 4062 1035 4151 ἀοιδίμου
1063 4068 1220 4151 βασιλόιος
1253 4071 1310 4132 καί
1334 4069 1456 4152 πατρός
1481 4075 1531 4150 τῆς

276 4195 441 4279 βασιλείας
469 4213 530 4280 μου
563 4195 619 4257 καί
645 4193 685 4256 τόι
718 4191 815 4256 λοιπὰ
841 4189 1017 4276 παλαιγενῆ
1051 4191 1253 4276 δικαιώματα
1279 4193 1335 4258 καί
1366 4193 1453 4256 κατὰ
1479 4192 1530 4259 τὰς

187 4334 190 4342 ’
274 4317 457 4404 περιλῆψεις
482 4311 583 4382 αὐτῶν
605 4320 756 4402 κατέχειν
779 4317 835 4378 καί
850 4315 1008 4400 νόμισδατ
1031 4318 1086 4378 καί
1109 4313 1155 4388 είς
1178 4317 1213 4378 τό
1237 4311 1309 4401 ἑξῆς
1332 4313 1375 4388 ὡς
1395 4313 1457 4389 tm<
1479 4319 1529 4377 τού

274 4451 327 4508 νόν
353 4445 456 4507 πάντα
484 4445 523 4506 τὰ
550 4437 746 4526 ὁδενδῆπυτι
772 4439 1042 4524 προσαρμόσαντα
1071 4433 1151 4526 αύτῆ
1173 4441 1323 4525 κτῆματα
1347 4436 1528 4504 ἀναποσπιί-

276 4588 357 4640 στυς
383 4568 441 4631 καί
476 4563 695 4651 ἀνενοχλῆτυς
720 4565 777 4626 καί
806 4561 848 4649 μῆ
883 4556 1039 4648 εύρίσκειν
1068 4557 1131 4626 ἀπό
1164 4581 1248 4637 τινος
1275 4559 1326 4628 λπί
1352 4574 1391 4650 τῆ
1419 4562 1527 4628 τούτων

277 4701 406 4778 κατοχῆ
428 4687 484 4755 καί
506 4697 588 4776 νομῆ
612 4689 665 4752 τόν
688 4688 825 4773 τυχόντα
847 4685 1043 4774 διασιισμόν,
1068 4691 1216 4774 κατίχειν
1242 4683 1357 4752 δὲκαὶ
1382 4689 1416 4752 τό
1441 4688 1527 4773 μετό-
