3140 5284
1243 249 1322 334 ιον

116 463 210 546 †‘0
238 465 413 540 δοῦλος
440 475 516 552 τῆς
550 477 781 552 κραταιᾶς
809 470 886 530 καὶ
910 462 1047 544 άγέας
1080 461 1200 550 ἡμων
1235 484 1301 526 κυ-

25 588 1258 676 ρέαςκαὶδεσποένηςΓειόργιοςιόΣκοοταριιότηςγ.

262 855 370 923 ΧΟΙἸΙ.
389 853 619 930 6776-1267,
636 873 741 920 mense
756 851 935 939 septembri,
953 851 1016 918 ind.
1035 850 1085 916 xl.

259 1001 348 1056 Δακα
362 999 506 1073 Διιραέόκα
520 1011 546 1056 τι
556 1001 613 1074 filii
627 1003 798 1056 ιιιοιιαττετέα
814 999 925 1054 donant
939 1015 1078 1070 σαινριιαι.

115 1176 137 1252 †
168 1169 231 1237 Τό
268 1180 345 1257 τής
379 1171 700 1256 προσενέξεως
734 1171 920 1256 γράμμα
952 1173 1031 1234 καὶ
1057 1165 1110 1242 ὣς
1137 1168 1299 1253 διαθη-

27 1294 149 1378 ιιηῐον
183 1303 265 1380 τής
292 1291 566 1380 Ἀγγελένης
599 1291 771 1380 Ἄννης,
807 1301 882 1357 τοῦ
917 1289 1017 1358 υἱοῦ
1053 1287 1192 1378 αὐτῆς
1226 1291 1300 1354 καὶ

28 1428 101 1503 της
130 1419 379 1502 θυγατρός
406 1417 541 1503 χάριν
567 1426 644 1480 τοῦ
670 1421 907 1504 χωραρίοο
931 1425 1007 1480 τοῦ
1032 1415 1299 1502 Ἀρμένυοή.

1 1591 2 1626 1
116 1558 224 1638 Σίγνοι
247 1557 365 1644 Ἀννης
391 1567 447 1644 τῆς
467 1557 664 1645 Ἀγγελόνης,
688 1557 832 1624 Ἰωάννου
847 1558 1012 1639 Ἀγγελου
1030 1566 1084 1624 τοῦ
1108 1555 1175 1622 οἱοῦ
1193 1551 1299 1644 αότής,

1 1715 2 1750 3
29 1681 144 1768 Καλῆς
169 1681 369 1767 Ἀγγελένης,
396 1691 450 1768 τής
473 1684 633 1766 θυγατρός
658 1678 765 1770 αὐτῆς,
788 1681 922 1769 Μιχαήλ
948 1681 1214 1768 Καλυδιοικήτου,
1243 1688 1299 1744 τοῦ

1 1807 2 1878 J
30 1805 97 1870 υἱοῦ
120 1800 236 1892 αι’)τής.
855 1831 860 1840 ·

116 1952 139 2030 †
168 1946 225 2014 Ἐν
252 1943 386 2033 ὀνόματι
412 1967 443 2012 κ.
473 1969 498 2012 τ.
523 1949 552 2014 λ
580 1945 744 2035 ἡμεῖς...
770 1947 800 2014 οἱ
824 1947 1022 2014 ἄνωθεν...
1052 1950 1108 2034 τήν
1134 1955 1297 2033 παροῦσαν

1 2113 2 2134 ;
34 2075 198 2160 ἔγγραφον
221 2075 280 2138 καὶ
302 2069 517 2162 όνοπόγραρον
540 2081 595 2138 τοῦ
618 2076 766 2139 κάτωθεν
791 2069 1016 2160 ῥηθησομένου
1044 2077 1206 2162 χωραρέοο
1227 2119 1236 2139 .
1258 2121 1265 2136 .
1289 2121 1296 2136 .

1 2211 2 2234 ³
32 2207 183 2282 ποιοῦμεν
200 2245 209 2261 .
229 2244 262 2260 ..
297 2197 376 2280 πρός
404 2195 459 2282 τήν
492 2197 670 2282 σεβασμέαν
704 2197 872 2284 βασιλικήν
906 2197 1003 2284 μονήν
1035 2205 1091 2284 τής
1123 2193 1297 2281 όπεράγνου

1 2311 2 2314 “
35 2323 240 2407 θεομήτυρος
274 2327 330 2406 τῆς
361 2317 605 2406 Λεμβιωτέσσης
638 2323 695 2385 καί
727 2322 804 2406 πρὸς
842 2322 895 2384 τόν
927 2323 1161 2386 πανυσιότατον
1200 2316 1297 2405 αὐτῆς

36 2445 296 2530 καθηγούμενον,
321 2439 530 2529 ἱερομόναχον
553 2451 612 2528 κδρ
627 2441 772 2530 Ἰωάννην
795 2463 826 2508 κ.
850 2465 877 2509 τ.
897 2443 926 2508 λ
950 2448 1007 2508 καὶ
1029 2447 1090 2530 γάρ
1107 2441 1176 2510 ἐπεὶ
1198 2441 1214 2508 ό
1239 2465 1302 2528 μα-

37 2571 170 2653 καρίτης
198 2563 281 2651 ἀνήρ
310 2587 373 2651 μου
400 2563 520 2640 ἐκεῖνος
547 2562 565 2632 δ
590 2565 751 2646 Ἀγγελος
783 2564 918 2653 Μιχαήλ
944 2566 988 2652 τῷ
1013 2568 1117 2654 χρεων
1146 2565 1302 2652 έλειτοόρ·

40 2712 116 2776 γησε
140 2693 202 2754 καὶ
227 2683 303 2774 όπὲρ
326 2697 383 2773 τής
406 2686 528 2754 ἐκείνου
552 2692 656 2775 ψυχῆς
677 2684 800 2775 ἡτιμία
824 2687 991 2776 ἐπεύχεται
1007 2687 1194 2779 άδελρότης,
1220 2688 1303 2764 ὅπως

38 2812 124 2878 ἰλεων
151 2808 232 2898 εόρη
256 2815 310 2878 τόν
327 2813 483 2900 δεσπότην
498 2817 632 2892 πάντων,
656 2810 807 2901 ἠθέλησα
826 2811 918 2893 κάγιό
941 2810 961 2900 ἡ
978 2812 1101 2879 ἄνωθεν
1118 2815 1301 2899 δηλωθεῖσα

1 2903 2 2958 ³
40 2937 172 3016 σόζυγος
196 2934 333 3016 ἐκείνου,
355 2933 459 3002 Ἀννα
482 2931 502 3024 ἡ
526 2933 707 3016 Ἀγγελένα,
730 2940 787 3002 καὶ
810 2933 827 3000 ό
850 2935 916 3010 υἱός
944 2959 1005 3023 μου
1028 2937 1173 3024 Ἰωάννης
1200 2933 1298 3024 καίή

40 3061 184 3146 θυγάτηρ
213 3081 275 3146 μου
301 3063 358 3124 καὶ
384 3058 401 3126 ό
434 3061 551 3148 ταότης
578 3059 644 3136 υἱός
676 3059 811 3148 Μιχαὴλ
839 3059 1002 3148 έπιστήναι
1028 3061 1071 3147 τῷ
1100 3065 1216 3148 κόμπῳ
1245 3069 1299 3126 τοό

40 3181 288 3270 Μεμανιωμόνου
311 3187 368 3248 καί
391 3180 530 3270 ἀκριβῶς
553 3193 691 3272 τηρήσαι
712 3185 768 3273 τήν
792 3182 830 3250 ἐκ
852 3188 982 3271 προικός
1004 3186 1107 3252 ἐκεῖσε
1129 3187 1298 3275 διαφέρου·

43 3311 95 3372 σάν
118 3329 175 3394 μοι
203 3315 263 3394 γῆν
285 3310 342 3370 καὶ
364 3311 497 3392 ποιῆσαί
520 3329 558 3394 με
582 3304 615 3372 ἐν
638 3303 719 3394 αὐτή
742 3310 780 3372 τά
804 3309 939 3384 δόξαντά
963 3331 1018 3394 μοι
1040 3311 1120 3396 μετά
1141 3313 1198 3375 καί
1220 3311 1297 3394 βυο-

42 3437 94 3525 λής
115 3441 175 3502 καί
199 3439 408 3508 συναινέσεως
431 3445 490 3500 τῶν
513 3435 718 3520 κληρονόμων
742 3438 798 3500 καὶ
820 3435 981 3520 διαδόχων
1006 3433 1093 3519 ἐμοῦ.
1119 3435 1299 3498 τοίνυνκαὶ

1 3563 2 3648 ή
41 3563 295 3646 παραγινομένων
329 3553 418 3644 ήμῶν
448 3555 479 3622 ἐν
508 3557 552 3644 τῷ
577 3559 694 3644 κάμπη
722 3565 776 3622 τοῦ
800 3555 1048 3643 Μεμανιωμένου
1075 3555 1219 3646 έτηρήθη
1242 3559 1299 3622 καὶ
1389 3619 1398 3638 ,

43 3681 200 3770 ἐμετρήθη
226 3665 306 3768 μετὰ
328 3675 514 3747 τῶνᾶλλων
529 3685 586 3746 καὶ
609 3683 644 3745 τό
668 3683 829 3769 χωράριον
852 3678 942 3768 ἡμῶν
964 3685 1000 3746 τό
1024 3681 1194 3767 λεγόμενον
1214 3680 1297 3767 Ἀρ·

1 3779 2 3794 ά
43 3827 127 3891 μενον
151 3808 189 3872 τό
214 3807 366 3886 σύνεγγυς
388 3801 423 3870 όν
445 3815 506 3870 τῶν
524 3774 691 3893 χωράρέων
713 3813 767 3869 τοῦ
787 3807 1007 3889 πανσιβάστου
1026 3805 1296 3890 Νεοκαισαρεῑτυυ

44 3936 92 3996 καὶ
117 3931 175 3995 διὰ
202 3933 326 4016 πήχεος
356 3931 515 4015 μετρηθέν
543 3933 876 4014 τριακοντατεσσάρων
904 3925 1002 4016 οόσης
1029 3931 1172 4014 γρονθων
1199 3926 1297 4014 ἤγουν

46 4057 153 4138 μυδόων
176 4055 431 4137 τεσσαράκοντα,
452 4055 670 4138 πεποιήκαμεν
694 4049 726 4116 ἐν
750 4055 938 4138 προτιμήσει
953 4064 1013 4118 τῶν
1037 4049 1117 4118 ὅλων
1141 4055 1196 4139 τήν
1219 4073 1297 4138 προ-

44 4175 238 4264 δηλιοθεῖσαν
256 4177 364 4263 μονήν,
388 4177 464 4260 πρός
487 4173 525 4261 ἣν
548 4178 604 4240 καὶ
618 4175 849 4262 παρεδώκαμεν
872 4172 949 4241 αὐτὸ
972 4178 1049 4260 πρός
1065 4174 1162 4261 αότήν
1185 4171 1295 4254 οὕτως,

47 4297 81 4374 ός
105 4305 161 4366 καὶ
186 4303 415 4387 περιυρέζεται,
445 4295 513 4384 ἅμα
536 4301 592 4384 μὲν
618 4295 854 4384 ἀποβλέψαντες
877 4299 931 4364 διὰ
955 4301 1069 4364 τὸτοῦ
1093 4297 1206 4383 ἀνδρός
1235 4321 1295 4384 μου

48 4425 157 4490 ἐκείνου
181 4427 400 4512 μνημόσυνον,
423 4423 459 4486 τό
481 4422 518 4486 δὲ
541 4427 598 4486 καὶ
620 4419 663 4495 ὡς
685 4423 838 4506 λαβόντες
862 4419 924 4487 άπό
947 4445 981 4486 τε
1005 4430 1060 4488 τοῦ
1082 4421 1294 4508 καθηγουμέ-

48 4569 92 4612 νου
115 4555 168 4614 καί
199 4561 262 4616 τῶν
299 4545 349 4614 ὑπ’
383 4544 476 4612 αὐτόν
506 4549 646 4633 μοναχὸν
681 4550 773 4634 χάριν
808 4542 954 4626 εὐλογίας
989 4557 1103 4633 μικράς
1138 4544 1295 4634 όπέρπυρα

50 4672 115 4738 δέκα
139 4679 214 4761 πρός
240 4685 309 4747 τοῖς
333 4675 512 4754 τέσσαρσιν.
543 4668 691 4743 ὡσαύτως
713 4671 942 4756 παρεδώκαμεν
967 4675 1023 4738 καὶ
1046 4675 1085 4737 τά
1107 4675 1184 4737 ποτὲ
1207 4668 1295 4757 ἡμων
