3168 5274
266 238 329 300 294

265 433 361 522 χωρὶς
384 435 480 499 δόλου
504 423 734 518 τιαίπερινοίας
758 437 919 508 τινόςναί
943 431 1016 520 οὐχὶ
1033 436 1186 517 βιαστικιρ
1212 453 1269 496 τινι
1293 435 1405 517 τρόπῳ,
1431 427 1536 504 οὕτως

265 557 318 624 ἵνα
346 559 498 644 βοηθήσῃ
533 554 606 644 ήμῑν
635 556 651 622 6
680 561 759 632 θεός
787 563 843 622 καί
871 561 911 622 τά
938 554 1017 652 ᾆγια
1044 566 1097 622 τοῦ
1127 560 1206 620 θεοῦ
1236 553 1410 636 εὐαγγέλια
1432 552 1492 618 καί
1517 553 1536 618 6

265 688 366 767 τίμιος
394 686 449 746 καί
478 683 631 755 ίωοποιός
660 686 802 767 σταυρός.
828 679 844 747 6
872 683 908 746 δέ
932 689 1074 754 τοιοῦτος
1102 679 1196 766 ὅρκος
1223 668 1450 766 παρείεβλήθη
1476 684 1536 742 καί

266 805 368 891 ἐδόθη
396 809 451 870 καί
480 803 601 893 δρείλει
629 803 836 892 ἐπιστατήσαι
865 804 915 871 ἐπὶ
943 817 981 892 τῇ
1009 807 1228 889 τελεσιουργός
1254 806 1374 871 τοῦτου.
1399 801 1417 868 6
1444 800 1534 889 ήγσι-

262 935 401 1016 τημένος
416 927 488 1015 ήμῑν
512 937 571 1014 πῦρ
594 927 685 994 Λέων
709 927 726 993 6
746 929 941 1016 Καμοιζινός,
966 933 1038 1015 μηνί
1062 934 1182 1015 μαρτίιρ
1206 928 1268 1006 κδ’,
1291 928 1349 992 ὶνδ.
1374 928 1413 992 δ’.
1439 923 1536 1013 ήμεῖς

264 1051 281 1118 6
305 1051 366 1118 ἀπό
391 1063 445 1140 τής
461 1053 660 1138 Κλεισοῦρας
684 1049 701 1116 6
725 1075 759 1116 τε
783 1053 1082 1138 τουρμοιρχόπουλυς
1110 1052 1268 1139 Στέφανος
1293 1049 1309 1116 6
1333 1051 1448 1137 Κόμης
1477 1055 1537 1114 καί

261 1178 438 1250 Θεόδουλος
470 1174 487 1240 6
516 1181 638 1262 μάγιιιψ
672 1179 728 1240 καί
756 1173 773 1240 6
803 1175 864 1240 ἀπό
899 1185 953 1240 τοῦ
983 1175 1159 1261 Ἀμοίζονος
1187 1174 1321 1261 Μιχαήλ
1348 1173 1364 1240 6
1393 1173 1536 1259 Καῦχος

264 1299 420 1386 ὀμνύομεν
448 1301 562 1384 δικαίῳ
597 1311 656 1364 τῶν
686 1305 877 1364 συνεποίντων
905 1296 977 1386 ἡμῖν
1007 1297 1038 1366 ἐν
1066 1301 1204 1385 καθαρῷ
1234 1299 1389 1362 συνειδότι
1417 1307 1535 1362 ταῦτα·

267 1429 311 1510 μά
334 1427 374 1488 τά
398 1421 475 1502 ἅγια
498 1431 553 1486 τοῦ
576 1425 656 1486 θεοῦ
681 1417 852 1501 εὐαγγέλια
875 1427 932 1488 καί
959 1424 1011 1487 τόν
1036 1428 1136 1508 τίμιον
1164 1427 1221 1488 ναί
1251 1423 1402 1495 ζωοποιόν
1433 1444 1535 1485 σταυ-

266 1553 329 1634 ρόν·
353 1549 424 1634 παρ’
441 1544 530 1634 ήμιῦν
553 1551 608 1612 καί
625 1558 685 1610 τῶν
702 1553 818 1626 γονέων
842 1543 929 1632 ήμῶν
955 1545 1082 1632 ἐνέμετο
1107 1550 1142 1611 τό
1165 1550 1352 1632 προάστειον
1376 1550 1411 1612 τό
1437 1546 1534 1613 Ἀλε-

264 1673 432 1757 Εάνδρειον,
463 1668 505 1743 (ίις
533 1681 596 1744 τοῖς
624 1671 761 1743 δικαίοις
789 1679 843 1734 τοῦ
867 1669 1010 1756 θέματός
1033 1669 1209 1756 Μυλάσσης
1237 1667 1446 1756 ὑποκείμενον
1476 1675 1536 1735 καί

263 1801 596 1884 ουναναγραφόμενον,
632 1795 662 1861 οἱ
692 1798 727 1860 δὲ
758 1795 933 1882 Σαρψηνοί,
970 1791 1022 1860 ὅτε
1054 1799 1111 1860 ναί
1145 1794 1232 1881 εἶχον
1265 1797 1319 1880 τήν
1353 1795 1453 1880 νομήν
1489 1795 1534 1867 είς

261 1915 352 2000 αὐτό,
384 1917 444 1986 οὐκ
470 1917 670 2004 άπερινιόπως
694 1928 786 1986 τοῦτο
811 1919 973 2004 ένέμοντο,
1001 1915 1074 1984 οῦδὲ
1099 1917 1161 1984 ἀπό
1188 1921 1400 2005 πολυχρονίου
1429 1928 1534 2003 νομῆς

262 2054 322 2108 τῶν
351 2047 421 2108 τότε
450 2042 587 2130 ἐχόντων
622 2046 677 2130 τήν
704 2041 886 2129 Ἐπίστιεψιν
910 2053 964 2108 τοῦ
993 2043 1145 2131 Σαμψὼν,
1181 2039 1256 2108 οῦδὲ
1285 2047 1380 2129 χωρίς
1407 2043 1534 2115 δόσεως

263 2177 395 2252 μυρτιῦν,
419 2163 493 2232 οὐδὲ
510 2165 553 2240 ιίις
571 2165 632 2232 όιπό
656 2176 711 2232 τοῦ
728 2169 886 2254 διαφέρειν
911 2169 965 2254 τήν
982 2170 1129 2254 τοιαότην
1153 2165 1334 2252 Ἐπίοκεψιν
1357 2173 1411 2230 τοῦ
1437 2165 1533 2250 Σαρ-

267 2293 331 2376 ψων
359 2291 402 2376 τῷ
427 2291 613 2377 Καλαμάνῳ
648 2296 704 2358 καί
732 2305 795 2365 τοῖς
831 2293 951 2367 λοιποῖς
980 2292 1053 2358 ἄνευ
1082 2301 1136 2358 τοῦ
1167 2293 1287 2374 Σάββα,
1323 2288 1407 2354 ἀλλὰ
1443 2293 1535 2355 κατὰ

268 2413 337 2498 βίαν
360 2418 416 2480 καὶ
439 2415 635 2482 δυναστείαν.
660 2420 716 2480 ναί
741 2414 784 2490 ὡς
807 2414 962 2502 όμνόομεν
992 2427 1091 2482 ταῦτα
1114 2421 1209 2500 χωρίς
1237 2415 1333 2478 δόλου
1355 2417 1412 2478 καί
1440 2435 1536 2498 περι-

267 2541 355 2611 νοίας
378 2541 470 2616 τινός,
498 2535 571 2625 οόχί
596 2539 750 2625 βιαστινῴ
775 2543 888 2626 τρόπῳ,
918 2535 1016 2612 οὕτως
1045 2538 1097 2602 ἵνα
1126 2540 1278 2623 βοηθήση
1305 2533 1377 2623 ἡμῖν
1406 2535 1423 2602 6
1454 2540 1537 2610 θεός
1576 2575 1577 2588 ι

267 2664 384 2726 καὶτὰ
408 2659 485 2741 ἅγια
509 2670 563 2726 τοῦ
587 2665 667 2728 θεοῦ
691 2660 863 2742 εόαγγέλια
882 2667 938 2726 καί
960 2661 977 2727 6
1001 2668 1102 2748 τίμιος
1125 2666 1180 2728 καί
1205 2664 1358 2734 ίωοποιός
1385 2664 1535 2744 σταυρός.

268 2781 285 2848 6
314 2785 349 2848 δό
373 2795 515 2860 τοιοῦτος
544 2783 639 2872 ὅρκος
661 2787 890 2872 παρτεεβλήθη
913 2793 985 2871 παρ’
1009 2782 1097 2872 ήμιῦν
1126 2790 1186 2850 καί·
1206 2783 1308 2868 ἐδόθη
1331 2789 1387 2848 ιιαί
1409 2781 1537 2870 όιρείλει

268 2909 518 2996 έπιπαταστήναι
551 2909 601 2974 ἐπί
628 2922 666 2996 τη·
694 2911 913 2996 τελεσιουργίορ
941 2911 1061 2974 τούτου.
1091 2907 1107 2972 6
1135 2905 1340 2994 ήγαπημένος
1366 2903 1441 2992 ἡμῖν
1472 2915 1534 2991 πῦρ

267 3029 390 3098 Λέωνδ
413 3032 619 3120 Καμοιίηνός,
645 3038 718 3121 μηνί
735 3040 853 3120 μαρτίῳ
879 3026 1057 3121 ιδ’,ήμέρσρ
1080 3033 1114 3110 δ’,
1137 3033 1196 3098 ίνδ.
1221 3032 1254 3096 δ’.
1280 3042 1338 3096 τῶν
1363 3039 1439 3110 γοῦν
1466 3054 1535 3096 τοι-

268 3159 365 3222 οότων
389 3155 611 3242 ὁρνωμυτιτιῦν
636 3156 825 3244 όμωθέντων
850 3155 929 3223 σίντω
953 3163 1008 3222 ναί
1031 3156 1312 3245 παρ’,ἀμφοτέρων
1339 3165 1398 3220 τῶν
1428 3166 1535 3241 μερῶν

267 3281 590 3365 τελεσιουργηθέντων
621 3285 705 3346 κατὰ
732 3283 788 3368 τήν
816 3279 913 3368 αότήν
941 3282 990 3346 κδ’
1015 3279 1150 3368 ήμέροιν,
1180 3277 1273 3344 ὁπότε
1300 3285 1356 3344 καί
1379 3278 1534 3364 ἐτυπώθη

268 3401 305 3464 ἐκ
328 3409 383 3466 τοῦ
407 3399 638 3490 άναντιρρήτου,
664 3402 694 3468 οί
716 3403 882 3491 Σαμψηνοί
904 3409 959 3468 καί
981 3411 1053 3488 παρ’
1077 3401 1165 3490 ήμιῦν
1190 3401 1327 3490 ἐννόμως
1355 3403 1535 3466 κατεδικά-

268 3525 404 3609 σθησαν,
431 3525 461 3590 οί
483 3526 519 3590 δὲ
542 3536 597 3591 τοῦ
622 3525 735 3614 μέρους
759 3537 813 3592 τοῦ
837 3526 929 3608 ἁγίου
953 3528 1083 3593 Παῦλου
1100 3527 1342 3614 έδινιαιιίιθησαν
1366 3529 1453 3590 κατὰ
1478 3529 1534 3612 τήν

266 3641 420 3733 ἡμετέραν
436 3648 614 3728 διάγνωσιν.
639 3651 732 3716 ἔνθεν
749 3673 797 3716 τοι
813 3655 868 3716 καί
893 3651 982 3718 ἔσται
1006 3655 1141 3738 ἀμάχως
1164 3649 1236 3736 παρ’
1263 3649 1364 3716 αῦτῦν
1388 3655 1534 3736 κατεχό-

269 3789 360 3854 μενον
384 3773 419 3834 τό
443 3772 622 3860 διαληρθὲν
645 3778 831 3858 προάστειον
855 3785 910 3840 τοῦ
933 3775 1171 3861 Ἀλεξανδρείου
1196 3775 1228 3851 ke
1244 3774 1423 3862 ὁλοκλήρου
1450 3779 1533 3859 μετά

267 3896 323 3958 καί
349 3903 404 3960 τοῦ
427 3890 475 3959 ὑπ’
501 3891 578 3960 αὐτό
601 3897 792 3982 ωαλαμιῦνος
815 3903 872 3963 καί
894 3897 1001 3984 ἑτέρου
1027 3895 1112 3984 αῦτρῐ
1134 3901 1339 3988 διαφέροντος
1362 3902 1447 3964 κατὰ
1474 3901 1532 3968 τὰς

265 4017 446 4104 περιλήψεις
479 4030 538 4084 τῶν
574 4019 859 4107 ἀναγεγραμμένων
895 4021 1060 4111 ἐγγράφων
1096 4025 1329 4108 δικαιωμάτων,
1365 4027 1421 4088 παὶ
1457 4021 1531 4088 οίτε

266 4150 328 4221 νῦν,
353 4139 425 4206 οίίτε
449 4140 564 4208 όίλλοτέ
586 4165 662 4209 ποτε
687 4143 748 4209 ἀπό
772 4153 826 4209 τοῦ
852 4151 965 4230 μέρους
989 4157 1043 4212 τοῦ
1069 4148 1183 4212 όίλλοτε
1208 4148 1338 4233 ἔχοντος
1362 4150 1417 4234 τήν
1441 4149 1531 4214 Ἐπί-

269 4270 389 4350 σνιεψιν,
412 4267 633 4350 πανσεβάστου
649 4269 805 4350 σεβαστοῦ
830 4279 888 4353 νῦρ
907 4267 1041 4356 Μιχαήλ
1064 4281 1119 4335 τοῦ
1137 4269 1364 4357 Δερροιιαίιου,
1388 4277 1444 4336 παὶ
1470 4285 1532 4337 τῶν

267 4394 334 4472 μετ’
362 4385 456 4454 αὐτόν
483 4388 504 4476 ή
532 4395 587 4454 καὶ
615 4386 716 4455 αὐτῶν
746 4401 806 4457 τῶν
836 4390 982 4458 ἐντοπίων
1011 4390 1145 4480 ὄχλησις
1174 4394 1216 4480 τῴ
1239 4401 1327 4482 μέρει
1350 4405 1406 4482 τῆς
1430 4407 1532 4483 μονής

266 4509 517 4598 έπενεχθήσεται
545 4517 638 4598 χάριν
666 4517 790 4594 τοῦτου,
820 4513 890 4579 ἀλλ’
915 4514 989 4581 οὐδέ
1013 4513 1118 4590 αὐτοῖς
1147 4531 1210 4592 τοῖς
1235 4524 1419 4604 νεμομένοις
1443 4518 1533 4592 έντός

268 4645 326 4698 των
360 4635 490 4700 δικαίων
527 4645 580 4700 τοῦ
618 4633 713 4700 αὐτοῦ
748 4645 935 4724 προαστείου
964 4640 1327 4726 Ἀμαίονυντυρακίταις,
1364 4642 1436 4708 οὔτε
1468 4645 1529 4728 μήν
