3190 5284
285 217 327 282 ⁷4

287 410 507 496 μιμαρτιέρητο
532 411 620 494 παρὰ
650 416 706 472 τοῦ
732 414 878 492 μοναχυῶ
906 403 1058 489 Βαρνάβα
1087 411 1142 467 τοῦ
1172 402 1341 489 Πλανητου
1370 401 1435 487 μετ’
1469 401 1566 466 ἐντο-

285 536 353 619 λῆς,
378 531 421 607 ὣς
445 528 504 596 οὐκ
528 530 606 596 εἰσὶν
624 529 687 596 ἀπὸ
711 537 765 593 τοῦ
783 533 895 615 στίχου
912 523 1023 602 αὐτῶν,
1050 525 1135 590 ἀλλά
1158 527 1445 613 κατερυτεάἀησαν
1470 528 1565 610 παρὰ

286 665 340 721 τοῦ
369 663 515 776 μοναχοῶ
542 653 685 740 Γαβριὴλ
709 660 763 716 τοῦ
792 650 952 717 Πλανέτυυ
976 660 1031 737 της
1056 697 1244 714 ........
1270 651 1356 732 λόγῳ
1385 657 1440 712 τοῦ
1465 646 1567 727 ἁγίου

286 779 507 865 Πολυκάρπυυ.
533 779 590 840 καὶ
613 775 680 840 έπεί
705 773 907 861 ἐτηρήσαμεν
932 772 1072 858 ἀκριβῶς
1095 776 1151 836 καὶ
1176 767 1238 857 υέχ
1266 768 1396 856 εὕρομεν
1420 772 1476 856 την
1503 793 1565 835 σε-

285 906 424 989 βασμίαν
447 905 545 988 μονὴν
566 912 626 964 τῶν
649 899 787 985 Αέμβων
812 897 874 962 ἀπὸ
899 907 953 961 τοῦ
971 893 1067 961 αιἰτοῡ
1084 900 1270 982 πράγματος
1294 898 1328 958 τὸ
1353 897 1458 981 τυχάν,
1486 895 1564 974 ἐγε-

285 1031 370 1105 γόνει
393 1027 471 1110 πρὸς
496 1020 610 1095 αάτσάς
633 1020 653 1110 ἡ
677 1031 823 1107 παροῦσα
847 1019 989 1106 ἡμετέρα
1017 1019 1121 1106 γραφη
1151 1024 1298 1104 κρισέμη,
1326 1017 1378 1082 ἵνα
1408 1019 1563 1104 μηδάλως

285 1148 385 1236 ἔχωσί
409 1171 438 1212 τι
461 1149 564 1226 λέγειν
587 1143 608 1233 ἢ
638 1143 654 1211 ὁ
679 1149 872 1230 στρατιώτης
899 1141 919 1230 ἢ
947 1141 1055 1227 ἕτερός
1076 1165 1132 1218 τις,
1163 1139 1247 1206 ἀλλὰ
1276 1139 1419 1227 ἀπέχωσι
1447 1143 1564 1205 τέλεον

283 1269 345 1336 ἀπά
370 1280 426 1357 τῆς
451 1280 549 1358 μονῆς
572 1273 628 1334 καὶ
652 1266 714 1334 ἀπὸ
739 1277 797 1332 τῶν
822 1265 855 1330 ἐν
879 1262 959 1352 αὐτη
984 1264 1189 1350 ἀσκουμένων
1215 1276 1363 1350 μοναχῶν
1386 1277 1424 1350 τη
1450 1261 1563 1350 έμρα·

282 1399 352 1478 νεῑιγ
390 1403 446 1480 τῆς
487 1390 644 1480 ἡμετέρας
694 1389 997 1476 ἀποκαταστατικης
1041 1397 1173 1474 γραρης.
1219 1387 1325 1472 μηνὶ
1377 1387 1560 1472 μαρτίῳ

281 1519 362 1584 tvo.
393 1517 422 1582 α’
448 1521 479 1597 †.
584 1547 587 1560 ·

368 1641 460 1723 †‘0
494 1639 666 1712 δοῦλος
701 1641 779 1704 καί
814 1635 1075 1722 ἐξάδελφος
1110 1641 1441 1718 ιυῡκραταιοῶ
1474 1639 1563 1698 καὶ

282 1765 420 1846 ἀγέσυ
447 1750 833 1852 ημῶνάἀθέντσυ
861 1763 939 1823 καί
969 1759 1203 1840 βασιλέως
1232 1757 1343 1832 δσύξ
1374 1761 1451 1820 καὶ
1487 1779 1562 1819 νιε-

280 1892 479 1978 λευσσης
506 1897 583 1952 τοῦ
612 1889 823 1970 θέματος
856 1891 938 1946 τῶν
971 1881 1259 1966 Θρακησίων,
1289 1877 1560 1964 Ἰωσὶννηςὸ

279 2013 515 2102 Τορνῑκης
552 2014 581 2090 λ

491 2220 600 2287 XXIII.
618 2219 849 2294 6763-1255,
867 2235 972 2284 mense
987 2213 1155 2292 februario,
1174 2211 1238 2277 ind.
1257 2211 1338 2276 XIII.

657 2351 864 2406 Ταιιιιιιιειιιιιικ
880 2347 1002 2401 Maximi
1017 2345 1170 2400 Plamtao.

277 2465 279 2471 Ι
366 2491 468 2576 ξΤό
502 2491 761 2573 διαθηκῶυν
793 2485 973 2566 γράμμα
1010 2484 1083 2544 τοῦ
1118 2483 1316 2563 μοναχοῶ
1349 2473 1556 2560 Μαξίμου

277 2629 351 2687 που
378 2619 612 2690 Πλανέτου,
642 2607 744 2692 ὅπερ
772 2609 976 2692 περιέχει
1005 2599 1164 2666 οὑτωσί
1190 2605 1221 2680 †.

366 2759 512 2832 Διάταξις
542 2753 618 2840 ἐμοῦ
642 2759 697 2816 τοῦ
722 2756 866 2834 μοναχυῶ
891 2743 1038 2828 Μαξίμου
1062 2749 1116 2806 τοῦ
1141 2739 1314 2817 Πλσνέτσυ,
1337 2739 1375 2825 ἣν
1399 2741 1553 2814 διεταξά-

278 2908 339 2974 μην
364 2883 413 2948 ἐπὶ
435 2882 593 2966 παρουσία
627 2875 821 2956 τοῦπατρὸς
846 2891 906 2956 μου
930 2877 985 2931 τοῦ
1009 2860 1259 2950 καθηγουμένου
1287 2866 1344 2927 καὶ
1372 2871 1427 2926 τοῖν
1454 2883 1551 2927 πνευ-

277 3017 412 3097 μσιικοῦ
442 3027 502 3091 μου
530 3003 662 3086 πατρὸς,
690 3005 745 3061 που
774 2995 988 3078 ἱερυμσνσὶχου
1015 2997 1112 3074 κυροϋ
1140 2986 1300 3072 Ἰωακείμ,
1334 2995 1389 3049 τοῦ
1417 2984 1548 3069 ἱερσμσ-

275 3139 377 3221 νάχου
399 3125 582 3203 Ματθαὶου,
606 3132 661 3188 τοῦ
685 3121 897 3206 ἱερομονάχυυ
920 3115 1017 3180 Δαυὶδ
1042 3117 1098 3176 καλ
1120 3114 1243 3173 πάντων
1269 3132 1328 3194 μου
1357 3120 1416 3172 τῶν
1446 3107 1546 3172 ἀδελ-

275 3269 355 3344 ρῶν,
383 3263 504 3340 πρῶτον
533 3253 589 3334 μέν
618 3243 667 3311 ἐπὶ
695 3243 764 3328 θεῷ
793 3245 940 3326 μάρτυρι·
965 3234 1044 3321 ἅπερ
1067 3244 1188 3319 κρατῶ,
1214 3231 1291 3296 εἰσὶν
1316 3228 1476 3316 ὑπέρπυρα
1500 3231 1548 3314 λβ’

274 3381 330 3444 καὶ
353 3374 532 3461 ἀπερπάρων
555 3371 612 3435 δύο
636 3371 758 3454 κρασὶν,
783 3362 862 3449 ἅπερ
883 3365 939 3426 καὶ
962 3358 1136 3442 παρέδωκα
1158 3358 1235 3440 πρὸς
1256 3357 1310 3418 τὸν
1329 3359 1452 3440 πατέρα
1475 3377 1548 3439 μου,

274 3505 314 3567 τά
343 3501 398 3585 μέν
428 3498 462 3560 ιε’
488 3495 541 3562 ἵνα
564 3495 661 3558 δῶσει
684 3489 726 3575 τῷ
748 3488 979 3568 Κωνσιαντῑνῳ
1003 3481 1046 3566 τῷ
1068 3479 1123 3565 υἱῷ
1146 3499 1221 3564 μου,
1247 3481 1285 3542 τὰ
1309 3477 1345 3542 δὲ
1370 3477 1406 3550 ιξ·
1429 3481 1487 3541 καὶ
1512 3481 1548 3542 ιό

274 3627 388 3710 κρασὶν
417 3621 480 3706 ἔχη
508 3621 543 3682 τά
569 3617 788 3703 μοναστήριυν.
815 3611 880 3695 ἔχω
905 3605 1040 3672 καὶδύο
1066 3605 1189 3682 γυιένας,
1214 3606 1270 3664 καλ
1299 3601 1354 3685 τήν
1383 3604 1440 3685 μὲν
1470 3606 1548 3684 μίαν

273 3747 430 3834 έπαρὶημι
457 3744 511 3828 την
541 3743 662 3826 μητέρα
691 3759 765 3824 μου,
794 3735 849 3818 τήν
873 3733 908 3796 δὲ
933 3728 1041 3814 ἑτέραν
1069 3730 1126 3790 καὶ
1148 3728 1237 3788 πανίν
1261 3729 1352 3788 πέντε
1376 3725 1548 3807 σπιθαμὰς

271 3875 328 3936 καὶ
360 3872 399 3932 τά
434 3863 725 3953 φελλοῶπυδηματά
765 3879 825 3944 μου
856 3859 912 3920 καὶ
943 3856 983 3917 τὰ
1017 3850 1153 3936 χαμηλὰ
1183 3852 1239 3911 καὶ
1270 3850 1305 3911 τά
1337 3847 1548 3932 περιστήθιόν

273 4017 333 4080 μου
357 3993 392 4056 τά
420 3989 634 4072 καλλιῶτερσν
662 3989 718 4048 καὶ
742 3984 844 4067 δέρμα
872 3977 1032 4043 ἀλωπικόν
1061 3977 1116 4038 καὶ
1144 3975 1325 4056 ποκάμισον
1352 3972 1458 4034 λινοῦν
1488 3974 1550 4034 καὶ

272 4119 327 4204 την
350 4118 479 4180 καππαν
503 4116 560 4176 καὶ
582 4113 617 4175 τὸ
641 4112 761 4173 λέντιον
784 4101 900 4192 ἀφίημι
923 4101 976 4164 τάν
999 4097 1245 4171 Κωνσπαντῑνον,
1269 4097 1325 4157 καὶ
1347 4091 1444 4157 πλέον
1468 4094 1548 4156 ταῶ-

272 4259 332 4306 των
356 4235 416 4304 ουκ
439 4235 603 4322 ἐκράτουν.
633 4235 668 4296 τὸ
692 4227 882 4313 δὲπρᾶγμα
907 4245 977 4310 μου,
1007 4217 1082 4306 ὅπερ
1108 4217 1285 4302 ἀνεβίβασα
1309 4215 1354 4289 εἰς
1378 4219 1414 4279 τὸ
1439 4211 1547 4301 ὁσπή-

271 4383 335 4429 τιον
363 4372 420 4448 τῆς
449 4362 566 4448 μητρός
595 4377 668 4442 μου,
694 4349 747 4418 ὅτε
771 4349 949 4434 ἀπεκάρην,
977 4345 1045 4409 ἔστι
1067 4353 1170 4407 τοῦτο·
1194 4341 1390 4426 σχολαρέιιια
1414 4339 1547 4422 μεγάλα

270 4491 329 4552 καὶ
364 4483 473 4570 ἑτέραν
503 4483 598 4568 ξυγην
633 4481 728 4565 χωρὶς
754 4476 937 4560 μαργάρων,
969 4468 1183 4554 κομποθηλ..
1208 4473 1342 4549 χρυσῆν,
1367 4462 1547 4546 τραχήλων

271 4613 351 4696 μετὰ
389 4611 581 4694 μαργάρων,
621 4603 780 4690 μσσχεράν
820 4595 974 4682 ἀργυροῦν
1014 4593 1094 4675 μετὰ
1138 4586 1301 4662 ἀλάσεως,
1344 4588 1546 4671 θηριακάριν
