3238 5282
281 501 283 506 Α
376 519 526 592 XXXVII.
545 525 620 592 Sine
637 545 729 606 υπυυ,
747 547 853 592 mense
870 528 954 609 iulio,
973 527 1037 594 ind.
1056 525 1091 593 V.

99 669 245 728 Ρύιετιτια
273 673 354 728 Ιάαιιί
379 677 552 730 monasterio
574 675 674 731 Νουαο
697 675 803 731 Petrae
826 677 977 732 adiudicat
998 677 1204 750 ροεεοεεάσκενκ
1228 677 1280 733 loci
1303 678 1371 732 ἀύτει·

666 799 804 858 Βναοίτοτ.

131 911 325 1000 Γράρμα
354 919 553 1002 κρίσεως
582 913 974 984 ἀποκαταστικόν
1002 925 1079 982 τοῦ
1105 921 1337 1004 πιγκὲρνη

99 1035 262 1104 Ῥαούλ
289 1037 361 1104 ἐπὶ
389 1035 442 1124 τῴ
472 1044 613 1126 τυπίῳ
642 1039 696 1127 τερ
722 1039 926 1127 Βραστῴ,
951 1037 1060 1126 ὅπερ
1087 1044 1321 1127 κέκτηται
1347 1037 1369 1128 ἡ

428 1163 1036 1250 μονηδιάχρυσοβσύλλυυ.

186 1318 223 1386 Ὁ
251 1320 447 1408 πλεονίκτης
482 1319 532 1388 ἀεί
561 1327 682 1409 ρὲμηνι
708 1327 778 1410 περί
802 1327 838 1389 τὸ
867 1325 1011 1390 πλουτεῖν
1046 1329 1103 1389 καί
1137 1321 1200 1388 ύδτ
1235 1320 1370 1392 κάκεῖσε

99 1450 191 1510 τείνει
218 1445 275 1531 τὴν
298 1457 391 1532 χεῖρα
413 1449 490 1531 πρὸς
514 1449 549 1512 τὸ
573 1451 614 1512 τὰ
642 1446 796 1534 ἀλλότρια
830 1447 911 1512 ἑλεῖν
938 1452 996 1514 καί
1023 1449 1200 1534 πλουτῆσαι
1234 1447 1369 1512 πλοῦτον

99 1572 150 1634 τύν
175 1565 213 1634 οδ
237 1571 387 1656 χρηστὸν,
413 1567 484 1634 ἀλλ’
507 1567 527 1657 ἡ
552 1569 714 1658 ἄπληστος
730 1574 841 1636 τούτου
865 1576 935 1658 χείρ
959 1575 1015 1638 καὶ
1036 1571 1260 1658 ἀκατάσχετος
1284 1573 1369 1658 ψυχὴ

100 1690 157 1758 ὑπὸ
186 1701 243 1758 τοῦ
270 1693 398 1758 δικαίου
421 1697 478 1758 καὶ
501 1701 557 1780 τῆς
582 1692 743 1781 ἀληθείας
765 1697 1022 1782 παρακρούονταί
1049 1719 1082 1760 τε
1106 1700 1162 1760 καί
1187 1693 1251 1760 οἷον
1276 1701 1369 1762 συνί-

98 1837 221 1902 χονται·
256 1813 330 1882 οῦδὲ
366 1821 427 1904 γὰρ
456 1816 522 1882 οἶδε
556 1821 592 1883 τῦ
620 1819 745 1884 δίκαιον
780 1821 979 1904 κρύπτεσθαι
1013 1823 1070 1884 καί
1097 1817 1117 1908 ἡ
1150 1818 1293 1906 ἀλήθεια
1328 1819 1371 1906 τερ

99 1941 206 2027 ψεύδει
229 1941 467 2021 καλύπτεσθαι,
496 1939 556 2006 κάν
580 1938 629 2008 ὅτι
652 1943 725 2008 λίαν
749 1939 807 2007 ύκύ
831 1944 955 2008 πολλῶν
980 1943 1085 2022 λόγων
1112 1945 1288 2030 κρύπτηται
1312 1942 1369 2008 καί

98 2067 230 2151 ψευδῶν,
256 2065 341 2128 ἀλλά
366 2069 532 2150 μακρόθεν
556 2063 599 2139 ὣς
621 2061 712 2152 ἥλιος
736 2065 882 2150 φαίνουσι
909 2077 969 2131 τῶν
993 2077 1093 2156 νεφῶν
1118 2067 1240 2154 ψευδῶν
1264 2068 1368 2147 λόγον

99 2191 314 2254 διαλυθέντων
332 2201 370 2276 τη
395 2191 510 2276 ψαύσει
527 2191 643 2254 τούτων
667 2201 705 2276 τῇ
729 2189 848 2276 ίσχορυψ
874 2195 930 2254 καί
949 2193 1055 2276 πύρριυ
1078 2211 1138 2255 που
1162 2192 1217 2278 την
1239 2189 1368 2258 ἀδικίαν

99 2319 153 2379 καί
181 2318 216 2380 τύ
246 2315 362 2400 ψεῦδος
387 2312 582 2380 ἐλαύνουσιν.
612 2314 683 2401 ἔχει
711 2315 747 2378 δὲ
777 2311 859 2380 οὕτω
887 2319 927 2380 τὰ
955 2325 1011 2402 τῆς
1035 2311 1229 2388 ἀποθέσεως.
1259 2313 1289 2380 οἱ
1312 2316 1368 2402 την

100 2438 237 2525 ἄσκησιν
264 2439 449 2522 ποιούμενοι
478 2442 615 2524 μοναχοί
644 2439 678 2504 δν
701 2450 740 2526 τῇ
765 2441 926 2524 σεβασμίορ
952 2443 1008 2504 καί
1035 2442 1112 2524 θείη
1137 2451 1218 2527 μονη
1242 2449 1297 2504 τοῦ
1321 2461 1369 2503 τι-

100 2567 171 2646 μίου
206 2561 411 2648 Προδρύρου,
441 2571 479 2647 τῇ
508 2560 578 2646 Νέορ
605 2563 851 2650 προσκληθείση
877 2562 998 2648 Πέτρα,
1027 2565 1111 2643 λέγω
1140 2574 1178 2650 τῇ
1207 2573 1289 2650 μονῇ
1313 2571 1369 2627 τοῦ

98 2689 391 2765 πανευγενεστάτου
421 2684 589 2770 Κομνηνοῦ
618 2695 673 2750 τοῦ
702 2685 929 2774 Μαλιασηνοῦ,
962 2688 1164 2770 κατεβοῶντο
1193 2696 1247 2751 τού
1277 2686 1372 2770 Μαρ-

99 2821 185 2897 μαρᾶ
201 2809 538 2895 πρωτονιυβελλισίμου
562 2813 716 2895 παρύντος
739 2814 796 2874 καί
819 2813 930 2874 τούτου
960 2807 1049 2897 ἡμῶν
1074 2813 1206 2876 ἐνώπιον
1223 2811 1369 2889 λέγοντες

99 2945 241 2999 τοιαῦτα·
271 2938 427 3020 κέκτηται
454 2955 473 3018 η
500 2935 579 3019 μονη
604 2931 693 3020 ἡμῶν
722 2933 796 3019 μεθ’
821 2931 862 2999 ὧν
893 2933 997 2999 ἄλλων
1021 2939 1177 3020 κέκτηται
1200 2935 1254 2998 διὰ
1278 2935 1370 2998 θείου

97 3063 153 3124 καὶ
183 3065 299 3124 σεπτοῦ
327 3059 567 3144 χρυσοβούλλου
601 3059 699 3137 λύγου
726 3066 781 3122 τοῦ
805 3067 960 3144 κραταιοῦ
988 3063 1044 3122 καί
1072 3056 1165 3138 ἁγίου
1193 3055 1282 3146 ἡμῶν
1307 3055 1366 3122 αύ-

98 3183 214 3246 θὲντου
241 3187 298 3247 καί
327 3179 484 3266 βασιλέως
505 3185 560 3245 καί
585 3185 691 3246 τύπιον
716 3185 750 3246 τύ
774 3181 919 3267 Βραστύν
947 3183 1272 3268 προσαγορεύομενον,
1298 3183 1369 3269 ἔχει

98 3307 152 3370 διὰ
180 3311 328 3390 προνοίας
357 3304 453 3370 καὶὸ
488 3305 669 3390 Μαρμαροῑς
697 3309 815 3392 χωρίον
844 3309 896 3370 τὸν
925 3304 1077 3390 Τρίνοβον
1104 3306 1366 3392 ίδιοπεριύριστον

98 3427 132 3494 ὂν
155 3433 243 3514 παρὰ
264 3433 317 3494 τὸν
337 3430 492 3514 Βραστύν,
518 3434 573 3494 καί
598 3429 699 3515 ἀδίκιρ
718 3433 828 3515 γνώμη
853 3433 1016 3516 χρώμενος
1039 3434 1095 3494 καί
1119 3434 1200 3516 χειρί
1222 3442 1370 3518 πειρᾶται

99 3554 220 3640 σύν-τῷ
243 3553 385 3638 Τρινύβιρ
409 3558 465 3616 καί
489 3557 541 3620 τάν
565 3553 710 3640 Βραστύν
735 3553 830 3632 ἑλεῖν,
860 3551 902 3628 ὡς
926 3559 983 3620 καί
1006 3556 1061 3641 τήν
1085 3553 1268 3642 ἀνήκουσαν
1292 3553 1366 3643 ἡμῖν

98 3681 215 3764 μορτὴν
243 3674 336 3752 οὗτος
366 3677 523 3765 ἀφείλετο.
560 3683 616 3742 καί
645 3675 661 3742 ὁ
689 3677 870 3763 Μαρμαρᾶς
897 3677 991 3765 ἤρετο
1019 3685 1092 3764 παρ’
1119 3675 1221 3766 ἡμῶν,
1257 3680 1310 3744 διὰ
1338 3684 1367 3742 τί

97 3799 177 3868 οὕτω
201 3815 295 3878 ποιεῖ,
321 3807 377 3866 καὶ
402 3800 642 3888 ἀπελογήσατο,
668 3800 778 3866 δείδι’
804 3800 935 3888 ὁρισμοῦ
961 3805 1130 3886 βασιλικοῦ
1159 3806 1288 3888 κατὲχιυ
1313 3805 1366 3868 τάν

97 3925 248 4012 Τρίνοβον
276 3930 424 4011 πρόνοιαν
455 3931 534 4010 μετὰ
559 3935 613 4012 τῆς
638 3925 771 4012 ἐνούσης
797 3921 883 4011 αάτηῐ
905 3936 1068 4013 περιοχῆς,
1097 3924 1192 3991 καίδ
1221 3926 1366 4012 Βραστύς

97 4047 153 4114 ιἰπύ
189 4052 244 4134 τήν
279 4051 431 4135 περιοχὴν
467 4047 509 4113 ὢν
538 4059 592 4113 τοῦ
617 4049 780 4134 Τρινύβυυ,
815 4060 972 4135 πειρῶμαι
1006 4060 1164 4137 κρατῆσαι
1199 4047 1293 4115 αὐτὸν
1323 4049 1366 4125 ὡς

97 4172 181 4258 ἐμὸν,
211 4179 267 4237 καί
295 4172 373 4260 ἕτερ’
403 4172 483 4238 ἀττα
510 4175 705 4259 προσελοίλει
739 4177 815 4260 πρύς
843 4177 878 4238 τὸ
907 4175 961 4260 την
987 4173 1145 4262 ἀληθειαν
1179 4181 1297 4262 κρύψαι
1325 4175 1368 4262 τῷ

96 4299 217 4381 ψεύδει,
254 4294 331 4362 ὅθεν
355 4301 487 4362 καὶτὸν
512 4297 763 4384 χρυσοβούλλιυν
799 4299 896 4378 λύγον
920 4306 974 4362 τοῦ
1002 4307 1158 4384 κραταιοῦ
1193 4304 1250 4364 καί
1273 4297 1365 4378 ἁγίου

94 4419 181 4507 ἡμῶν
212 4421 370 4486 αύθὲντου
394 4427 450 4486 καί
479 4422 648 4505 βασιλέως,
687 4421 721 4485 ὃν
744 4418 764 4508 ἡ
789 4423 951 4508 σεβασμία
977 4425 1057 4509 μονὴ
1081 4427 1250 4510 κέκτηται,
1287 4421 1367 4488 ῦπα-

96 4547 261 4624 ναγνύντες
295 4549 352 4609 καί
383 4545 465 4612 ἴδιον
499 4549 593 4610 τύπον
629 4541 771 4630 εύρύντες
806 4542 882 4610 ὄντα
915 4550 1003 4633 παρὰ
1038 4550 1091 4612 τὸν
1126 4546 1278 4632 Τρίνυβον
1313 4549 1367 4610 τάν

99 4667 255 4753 Βραστάν,
284 4669 338 4735 σύν
363 4671 461 4755 τούτῳ
485 4673 541 4734 καί
565 4668 594 4732 οἱ
618 4671 656 4733 τὰ
680 4678 734 4734 τοῦ
764 4673 858 4735 τύπου
883 4669 1001 4746 είδύτες
1026 4669 1163 4756 ἀκριβῶς
1191 4673 1365 4759 διαμαρτυ-

1084 4784 1117 4835 27
1136 4777 1153 4814 *
