3190 5284
282 541 284 544 Ι
324 445 422 512 XXII.
441 447 516 513 Sine
534 467 625 524 anno,
646 465 754 512 menso
770 443 891 520 martio,
909 445 973 510 ind.
992 445 1014 511 1.

187 589 343 646 Iudicium
360 593 485 649 Ιοαιιπίε
504 595 656 666 Tor-nicae,
674 593 755 648 ducis
772 595 902 648 ιλιιπαιίο
922 591 1147 648 Τλναοιείοιτιιιι,

13 781 14 784 ¹
112 693 1313 832 ’ςἝτερονχροίμματοῦΤορνίιιητοροῦἸδοάννοιι

38 868 260 948 κρίσιμον
298 871 439 952 χάριν
478 877 554 931 τοῦ
594 863 914 932 ύποστατικοῦ
953 877 1035 930 τῶν
1076 865 1314 930 Πλανιτιῑιν

38 988 103 1050 διὰ
133 989 182 1050 τὸ
213 991 372 1066 τέλος,
401 986 1028 1078 ὅπερέξήτοονύπέραύτοῦ
1057 989 1314 1074 οἱπροογε-

39 1119 125 1180 ιιῑς
164 1113 339 1176 τούτου
375 1112 406 1196 †.

116 1255 138 1328 †
163 1249 256 1316 Ἐπεί
281 1251 299 1316 6
328 1251 490 1338 Πλανίτης
515 1252 635 1326 ἐκεῖνος
658 1253 793 1340 Μιχαηλ
816 1251 833 1318 6
858 1254 912 1317 διύι
936 1261 990 1318 τοῦ
1019 1251 1111 1316 θείου
1135 1257 1191 1316 καί
1216 1250 1313 1332 ἀγγε-

37 1375 123 1438 λικοῦ
151 1379 327 1460 σχήματος
351 1379 606 1461 μετονομασθείς
634 1375 778 1462 Μάξιμος
809 1376 952 1464 ἔφθασεν
981 1375 1077 1442 ἐάσαι
1105 1374 1148 1446 είς
1177 1377 1231 1460 την
1261 1397 1313 1440 οε-

38 1499 176 1581 βασμὶαν
203 1499 304 1584 μονήν
330 1507 385 1583 τῆς
410 1495 584 1583 ῦπεράχνοιι
608 1501 811 1586 θεομήτορος
838 1495 927 1585 ἡμῶν
952 1507 1007 1584 τῆς
1033 1495 1315 1587 ἐπονομαζομένης

37 1631 90 1684 τῶν
114 1619 259 1704 Λέμβιιιν
284 1627 424 1707 ψυχικῆς
446 1619 544 1686 ἕνεκα
569 1625 726 1708 σωτηρίας
756 1618 853 1688 αὐτοῦ
882 1619 944 1686 ἀπὸ
973 1630 1028 1689 τοῦ
1058 1630 1186 1698 γονικοῦ
1217 1618 1314 1684 αύτοῦ

38 1741 254 1808 ύτοστατικοῦ
282 1749 434 1831 χοιράρια
468 1750 523 1809 καὶ
553 1743 668 1810 ἐλαῐιιὰ
703 1746 819 1830 δένδρα
847 1750 928 1831 μετὰ
955 1747 1012 1808 καί
1038 1743 1216 1816 ἐπιαλείας
1238 1741 1314 1816 Ικατ’

39 1867 103 1940 ίτος
128 1863 317 1952 ύπερπύροιν
341 1869 374 1932 ἓν
399 1865 506 1954 ἥμισυ,
531 1867 547 1934 6
571 1869 607 1932 δέ
632 1889 667 1948 χε
692 1864 890 1953 αύτάδελφος
916 1866 1040 1932 ἐκείνοι)
1063 1865 1233 1938 Βασιλειος
1259 1869 1315 1930 καί

38 1987 139 2062 ὁαὶδς
165 1989 295 2054 ἐκείνου
319 1989 554 2063 Κωνσταντῐνος
578 1989 637 2055 ούιι
666 1991 776 2054 είασαν
805 1999 905 2055 ταῦτα
934 2001 972 2076 τῇ
1000 1991 1189 2076 δηλωθείση
1221 2000 1313 2085 μονη,

38 2111 114 2175 ἀλλὰ
140 2111 319 2199 ἀφείλοντο
336 2121 435 2176 ταῦτα
460 2113 539 2176 ἄλλα
565 2112 712 2199 ἀλλαχοῦ
737 2117 776 2177 τὰ
799 2123 931 2178 τοιαῦτα
950 2113 1242 2198 ἀπεμπολησαντες,
1269 2112 1311 2196 μὴ

37 2237 292 2320 ιαταλείψαντες
316 2240 373 2300 νιαί
400 2238 456 2322 την
478 2238 575 2322 μονὴν
605 2235 623 2322 ἢ
651 2237 780 2321 δένδρον
808 2235 829 2322 ἢ
857 2239 1031 2324 χοιράψιον,
1061 2240 1116 2300 καί
1145 2237 1187 2321 μὴ
1218 2239 1313 2320 μόνον

11 2357 80 2438 ,ύιι
115 2358 294 2446 ἀφείλοντο
323 2361 358 2424 τὰ
388 2355 489 2444 ῥηθέν
522 2370 655 2444 πρᾶγμα
683 2365 739 2423 καί
775 2358 1006 2445 ἀπεμπύλησαν
1042 2355 1119 2423 αύτῦ
1154 2361 1231 2444 πρὸς
1260 2357 1315 2430 οῦς

38 2481 217 2562 ἐβούλοντο,
245 2481 331 2546 ἀλλὰ
355 2483 531 2546 καθεῖλκον
555 2487 611 2546 καί
635 2483 693 2568 την
715 2485 813 2568 μονὴν
838 2481 883 2556 είς
904 2481 1089 2550 ἐπιτέλειαν·
1113 2483 1317 2578 καταλαβόν-

39 2629 81 2678 τες
104 2603 160 2670 οὖν
178 2608 263 2690 πρὸς
289 2610 327 2689 μέ
353 2604 383 2669 οἱ
404 2609 540 2691 μοναχοί
562 2609 619 2670 καί
643 2602 659 2670 6
684 2603 750 2678 οίός
774 2604 897 2670 ἐκείνου
922 2613 976 2670 τοῦ
1001 2604 1170 2682 Πλανίτοιι,
1196 2609 1235 2672 τὰ
1260 2616 1316 2690 τῆς

42 2725 227 2802 ἐπιθέσεως
252 2724 326 2814 ἡμῖν
350 2725 479 2808 ἐξεῖπον,
503 2733 561 2794 καί
583 2729 654 2814 παρ’
680 2727 759 2814 ἐμοῦ
782 2731 941 2816 πεμφθείς
965 2725 982 2792 6
1007 2727 1068 2792 ἀπὸ
1093 2737 1149 2813 της
1173 2727 1315 2814 Σμύρνης

41 2850 214 2936 Μακρηνδς
241 2848 399 2936 ἀπῆλθεν,
421 2849 473 2914 ἵνα
496 2855 633 2937 τηρηση,
659 2851 688 2916 εί
711 2850 844 2938 ἀληθῶς
867 2854 1013 2932 λέγουσιν
1038 2850 1068 2916 οἱ
1092 2854 1243 2936 μοναχοί,
1269 2846 1317 2913 ὅτι

43 2973 211 3060 ἐρείλοντο
241 2976 282 3037 τὰ
310 2970 426 3038 ἐλαίιιὰ
453 2975 568 3058 δένδρα
595 2979 652 3038 καί
680 2978 719 3039 τὰ
747 2979 896 3062 χοιράρια
924 2973 940 3040 6
972 2973 1038 3046 ύὶύς
1069 2985 1124 3038 τοῦ
1156 2973 1315 3037 Πλανίτου

43 3096 161 3161 ἐκείνου
200 3102 260 3160 καί
294 3093 311 3160 6
341 3098 563 3184 πατράδελρος
603 3095 699 3162 αύιοῦ
738 3103 794 3162 καί
833 3097 877 3172 τίς
917 3097 1045 3184 ἐτέρους
1086 3095 1315 3182 ἀπεμπύλησαν

42 3231 145 3298 ταῦτα,
173 3219 333 3286 ἀπελθὼν
351 3219 386 3283 δέ
410 3216 604 3306 ὁδηλιοδείς
627 3219 801 3306 Μακρηνύς
822 3217 909 3306 εύρεν
934 3219 1218 3305 ἀληδολογοῦντας
1243 3222 1316 3294 τοῦς

41 3345 217 3430 μοναχοῦς,
243 3347 300 3406 καί
324 3345 385 3426 γὰρ
401 3343 641 3426 καταλαβόντος
666 3341 762 3408 αύτοῦ
787 3343 831 3416 εἰς
854 3346 909 3430 τὴν
925 3342 1091 3410 Μάνταιαν
1117 3341 1315 3430 ἐμαρτύρησε

41 3470 169 3552 νομικὸς
210 3463 228 3528 6
266 3464 546 3552 Φιλοκονηγήτης,
586 3465 812 3554 ἀπεμπολῆσαι
840 3463 954 3540 αύτούς
992 3470 1069 3552 πρύς
1105 3490 1144 3538 τεΙ
1169 3470 1222 3532 τύν
1257 3477 1316 3554 κῦρ

42 3589 167 3656 Παῦλον
205 3589 319 3661 ἐλαίας
347 3593 402 3652 καί
430 3593 579 3676 χοράρια
607 3584 785 3674 ύπερπύροιν
814 3590 944 3666 δεκαέξ,
970 3587 1086 3675 δμοίως
1116 3589 1316 3676 ἐμαρτύρησε

41 3719 91 3780 ταί
118 3713 284 3798 Μανοοήλ
311 3708 329 3776 6
356 3711 500 3789 Παλέας,
536 3713 681 3798 πωλῆσαι
709 3708 823 3785 αύτούς
846 3715 922 3798 πρὸς
951 3715 1003 3778 τὸν
1038 3713 1166 3798 Βρανᾱν
1201 3713 1315 3798 δένδρα

42 3835 154 3904 ίλαῖιιᾰ
180 3840 242 3902 καί
265 3839 414 3923 χοιρύφια
438 3831 617 3922 ύπερπύροιν
642 3839 891 3920 τεσσαράκοντα,
917 3839 994 3922 πρὸς
1019 3839 1071 3900 τὸν
1096 3835 1224 3900 Ξανύύν
1249 3857 1316 3920 χοι-

42 3969 135 4050 ψιίφια
167 3959 353 4046 ύπερπύροιν
381 3959 462 4024 δέκα
489 3963 546 4024 καὶ
574 3957 610 4023 ἐκ
639 3961 787 4042 δευτέρου
814 3962 891 4045 πρὸς
919 3962 971 4024 τὸν
1006 3959 1132 4045 Βρανᾶν
1167 3962 1317 4043 χωράφια

44 4091 92 4150 καί
117 4085 237 4158 ἐλαίας
262 4080 442 4168 ὁπερπύρον
468 4082 618 4160 εἰκοσιέξ,
647 4087 834 4168 κρατεῖταί
859 4079 875 4146 6
903 4080 1074 4178 Ῥεντάκης
1103 4080 1214 4154 ἐλαίας
1242 4083 1316 4143 τέσ·

46 4233 139 4295 ιαριις
165 4214 224 4274 καί
251 4211 417 4294 χωροίριον
441 4207 553 4292 μοδίοο
576 4203 645 4280 ἑνὸς
669 4211 725 4272 ιιαί
748 4203 767 4292 η
794 4205 907 4292 ἀνεψιὰ
933 4204 1028 4296 αὐτοῦ
1052 4203 1074 4292 ἡ
1098 4204 1229 4296 μοναχίηΙ
1253 4225 1317 4290 χιο-

46 4340 151 4421 ρύφιον
182 4333 301 4418 μοδίοιι
330 4329 401 4402 ἐνὸς
428 4333 484 4394 καὶ
512 4327 623 4402 ἐλαίας
652 4330 743 4406 δέκα,
778 4326 839 4414 ούχ
868 4325 957 4412 εύρον
987 4329 1022 4392 δέ
1051 4332 1107 4391 ιιαί
1135 4329 1190 4412 την
1218 4328 1318 4412 μονην

48 4455 102 4520 ἐτό
118 4467 175 4523 τοῦ
192 4454 299 4522 αὐτῶν
323 4455 510 4538 πράγματος
528 4451 555 4515 εὶ
577 4453 618 4538 μη
644 4451 689 4526 τίς
713 4453 767 4536 τὴν
793 4449 892 4536 αύλὴν
916 4459 971 4514 τοῦ
996 4456 1148 4537 μετοχίού
1165 4447 1240 4514 ὡσεί
1258 4429 1317 4534 μο-

48 4581 108 4646 ίίου
124 4581 194 4656 ἑνὸς
210 4579 398 4666 τετάρτ[ου]
423 4579 478 4639 καὶ
494 4573 603 4648 ἐλαίας
616 4575 800 4660 εἰκοσιτρεῖς
818 4571 954 4640 ὄπισθεν
972 4584 1026 4639 τοῦ
1051 4579 1212 4662 μετοχίοο,
1239 4570 1318 4658 ἅπερ
