3140 5284
281 201 457 312 τοτ’

366 435 1556 526 ῒὉιύτοληςἱερούςΝικύλαοςύΧαλιναρᾱςπαρ-

278 564 431 628 wat
460 574 510 650 τη
537 564 751 650 παρούση
779 567 949 650 πράσει
978 577 1218 650 μαρτυρῶν
1247 561 1495 651 ὑπέγραψα
1524 569 1552 644 †.

365 703 449 786 †‘0
477 707 768 791 ῦομίστικος
796 716 875 792 τῆς
910 703 1179 793 ἁγιωτάτης
1214 707 1553 794 μητροπόλεως

278 829 502 916 Σμύρνης,
531 829 745 916 Ἰωάννης
773 826 791 893 ὁ
817 827 1111 916 Κουνοίλλης,
1140 841 1190 918 τῇ
1217 833 1418 917 παρούσῃ
1450 833 1553 915 προί-

279 949 1225 1040 οειμαρτορωνκαίγράψαςύπέγραβαῒ.

473 1199 641 1266 LXXXVI.
659 1199 890 1280 6771-1263,
907 1219 1015 1266 menso
1032 1207 1177 1286 angusto,
1193 1198 1258 1265 ind.
1276 1199 1356 1266 VIII.

434 1333 446 1352 '
464 1343 605 1402 meolam
621 1347 745 1402 (λακτίσαι
761 1359 788 1403 τί
798 1349 879 1421 filius
894 1352 1066 1404 πιοιιαετενίο
1082 1367 1213 1420 campum
1227 1349 1361 1406 vendunt.

365 1497 465 1579 †'I¹‹I
488 1503 747 1587 πρατήριον
777 1499 1012 1590 ἔγγραφον
1040 1509 1118 1565 τοῦ
1146 1483 1385 1588 Κρητικοῦ
1412 1499 1550 1566 Νικο-

278 1622 391 1687 λάου
422 1626 502 1688 καί
530 1631 606 1695 τοῦ
636 1605 737 1689 υἱοῦ
762 1621 903 1689 αύτοῦ
932 1628 1070 1712 χάριν
1094 1633 1171 1690 τὀῦ
1201 1627 1446 1712 χωραρίοο
1472 1635 1549 1711 τῆς

277 1745 596 1834 Τραχεινηςῒ.

366 1887 463 1969 Σίγνα
486 1887 650 1956 Νικολάου
674 1897 728 1954 τοῦ
752 1887 915 1976 Κρητικοῦ
939 1893 996 1956 καὶ
1017 1889 1161 1956 Ἰωάννου
1186 1899 1241 1956 τοῦ
1265 1890 1332 1956 υἱοῦ
1358 1887 1468 1955 αὐτοῦ.

364 2029 459 2110 γἘν
489 2027 632 2116 ύνύματι.
666 2052 698 2095 κ.
727 2053 754 2098 τ.
782 2032 811 2098 λ.
840 2031 1005 2106 Νικόλαος
1032 2029 1049 2096 ὁ
1078 2032 1239 2119 Κρητικὸς
1268 2033 1323 2100 σύν
1353 2033 1394 2119 τῷ
1426 2038 1548 2119 γνησίῳ

275 2149 372 2220 αὐτοῦ
397 2151 474 2238 υἱῷ.
493 2201 526 2218 ..
557 2154 612 2240 την
639 2164 879 2242 παροῦσαν...
909 2167 1100 2240 πρᾶσιν
1128 2165 1356 2242 ποιοῦμεν...
1385 2159 1466 2242 πρύς
1496 2157 1550 2240 τὴν

273 2278 451 2362 σεβασμίων
480 2280 537 2340 καί
564 2274 659 2357 ἁγίαν
688 2279 855 2364 βασιλικὴν
884 2281 981 2366 μονὴν
1011 2289 1070 2344 τῶν
1100 2278 1236 2366 Λέμβων
1265 2301 1295 2346 κ.
1326 2303 1352 2346 τ.
1376 2279 1405 2343 λ.
1431 2280 1548 2350 καθὼς

274 2403 310 2466 τῦ
339 2397 417 2489 ύιρος
444 2401 625 2490 δηλώσειεν.
656 2407 712 2466 καί
740 2405 800 2488 γὰρ
828 2406 1012 2490 φαινόμεθα
1038 2400 1128 2491 ἡμεῖς
1157 2403 1187 2468 οἱ
1218 2407 1544 2490 προτεταγμένοι...

276 2523 531 2610 ἅπεμπολούντες
552 2526 586 2588 τύ
612 2523 673 2590 ἀπὸ
702 2533 832 2612 γονικΐης
859 2522 946 2612 ἡμῶν
975 2527 1098 2613 κλήρας
1125 2532 1304 2615 χωροίριον,
1329 2528 1364 2590 τύ
1393 2525 1542 2604 ἐπιλεγό-

277 2667 370 2735 μενον
392 2645 413 2732 ἡ
437 2647 607 2734 Τραχεινὴ,
632 2653 816 2735 στρέμματα
839 2651 930 2728 δέκα,
958 2655 997 2714 τὰ
1022 2655 1077 2736 μὲν
1101 2648 1184 2714 ύκτύ
1213 2650 1258 2722 εὶς
1287 2646 1448 2734 ύπέρπυρα
1478 2651 1542 2724 δύο,

275 2775 315 2840 τὰ
334 2771 374 2846 ,δέ
401 2769 495 2857 ἕτερα
518 2771 574 2836 δύο
599 2777 782 2860 στρέμματα
805 2786 950 2860 προεῖχεν
980 2769 1061 2838 αύτὰ
1084 2771 1103 2860 ἡ
1128 2777 1258 2859 τοιαύτη
1287 2771 1365 2854 ἁγία
1389 2773 1541 2858 βασιλικὴ

276 2895 356 2982 μονὴ
380 2892 423 2970 ύυς
442 2896 632 2980 προσένεύιν,
656 2892 731 2982 ύπέρ
755 2893 797 2960 ὧν
822 2894 1018 2983 ἀνελάβομεν
1043 2897 1087 2971 είς
1112 2895 1275 2983 ἀντίχαριν
1300 2899 1474 2982 μοχθηρὰν
1498 2897 1540 2972 ἓν,

274 3024 333 3116 καί
347 3017 468 3108 ύρείλει
492 3017 663 3102 ἀναλαβεῖν
680 3021 715 3083 τύ
739 3027 879 3084 τοιοῦτον
896 3025 1068 3107 χωροίριον,
1093 3021 1127 3096 ἐξ
1150 3019 1218 3086 οἵου
1243 3026 1357 3108 μέρους
1380 3025 1438 3084 καὶ
1464 3021 1539 3103 βού-

273 3145 373 3238 λεται,
386 3141 466 3222 ,εἴτε
484 3141 546 3208 ἀπύ
566 3143 767 3219 ἀνατολικοῦ,
792 3142 852 3210 εἴτε
877 3141 938 3208 ἀπὸ
956 3145 1093 3220 δυτικοῦ,
1117 3140 1159 3217 ὥς
1175 3145 1328 3227 λαβόντες
1351 3148 1540 3208 τὰτοιαῦτα

271 3263 440 3353 ύπέρπυρα.
462 3263 524 3332 ἀπὸ
553 3277 612 3332 τῶν
640 3276 755 3353 χειρῶν
783 3263 868 3352 ύμύν
886 3315 995 3336 .....
1026 3266 1219 3353 ἐποιήσαμεν
1242 3271 1321 3352 πρὸς
1344 3270 1461 3354 ταύτην
1486 3270 1538 3351 τὴν

273 3401 436 3475 παροῦσαν
459 3401 574 3476 πρᾶσιν
602 3387 699 3484 ἡμῶν.
715 3394 784 3467 ,καί
800 3390 873 3456 ,αἰπύ
902 3399 956 3456 τοῦ
984 3401 1035 3458 νῦν
1064 3389 1185 3478 ύφειλει
1212 3397 1362 3478 κατέχειν
1385 3388 1405 3478 ἡ
1430 3393 1537 3478 δηλω-

274 3517 371 3580 θεῐσα
394 3516 555 3600 οεβασμία
576 3515 655 3599 μονὴ
680 3517 715 3580 τύ
739 3523 880 3580 τοιοῦτον
904 3518 1065 3602 χωροίιριον
1089 3537 1119 3580 κ.
1136 3539 1162 3582 τ.
1187 3517 1216 3582 λ.
1241 3516 1326 3603 εἴπερ
1349 3517 1384 3580 δέ
1409 3521 1539 3602 γένηται

1417 3638 1431 3660 Ἡ

273 3643 330 3704 καί
357 3641 443 3722 παρά
468 3657 553 3712 τινος
581 3643 706 3723 κίνησις
732 3635 813 3704 ἰδίου
842 3636 973 3726 ἡμῶνῆ
1002 3649 1172 3718 συγγενοῦς
1200 3639 1220 3728 ἢ
1245 3639 1384 3728 ἀδελφοῦ
1412 3663 1434 3726 η
1458 3642 1537 3726 πλη-

273 3888 388 3972 ταύτην
414 3883 475 3950 ἀπὸ
498 3888 614 3958 παντὸς
639 3882 858 3972 ἀναφυομένου
881 3891 1048 3971 προσώπου
1073 3887 1207 3974 ἀζήμιον
1232 3893 1290 3952 καί
1312 3887 1534 3975 ἀνενύχλητον·

273 4009 303 4076 εἰ
330 4011 366 4074 δέ
395 4007 485 4076 αύτοί
512 4005 603 4098 ἡμεῖς
631 4011 841 4095 βουληθῶμεν
864 4009 885 4096 ἤ
910 4033 955 4086 τις
978 4022 1038 4076 τῶν
1061 4013 1267 4098 κληρονόμων
1295 4013 1352 4077 καί
1375 4014 1533 4100 διαδόχων

271 4129 360 4220 ἡμῶν
376 4181 639 4200 ...........
664 4134 749 4217 λύγῳ
771 4139 945 4219 προστίμου
969 4130 1217 4220 ύποκειούμεθα
1236 4133 1396 4222 ύτέρπυρα
1421 4160 1533 4215 τεσσα-

272 4261 411 4343 ράκοντα
433 4260 489 4320 καί
513 4258 548 4322 τύ
572 4257 687 4320 τούτων
712 4261 813 4341 τρίτον
837 4256 883 4330 είς
907 4261 960 4322 τύν
984 4260 1139 4344 δημόσιον
1158 4281 1201 4340 κ..
1218 4283 1243 4324 τ.
1267 4261 1296 4324 λ.
1321 4259 1452 4326 ἐνώπιον
1477 4270 1532 4322 τῶν

272 4378 537 4467 ύκογραψομένων
572 4383 627 4444 καί
661 4385 1000 4468 σιγνογραρησομένων
1039 4385 1200 4468 μαρτύρων
1234 4385 1393 4448 κάτωθεν.
1429 4386 1533 4468 μηνί

271 4499 617 4588 αύγούστιρὶνδ.
644 4501 674 4588 η’
700 4504 1140 4589 τοῦ,ςψοα’ἔτουςγ.

359 4643 443 4726 †‘0
469 4644 638 4716 δοῦλος
667 4651 742 4706 τοῦ
771 4643 907 4724 ἁγίου
936 4657 1018 4731 μοῦ
1043 4643 1276 4713 αύύέντου
1304 4657 1380 4714 τοῦ
1402 4671 1530 4714 πανυ-
