3168 5274
255 232 318 296 380

255 442 316 507 αης
344 429 467 507 γραφῆς
497 415 654 494 ἀποδείξει
677 417 720 504 τῷ
742 415 888 503 ἀκροατῆ
911 414 955 490 ἀς
978 418 1098 503 δεατῆ·
1123 417 1248 504 φυτεύει
1272 419 1329 501 μὲν
1358 417 1417 499 γάρ
1440 411 1520 478 κάν-

255 547 363 608 ταῦδα
387 548 515 631 φυτείαν
538 542 751 628 πνευματικὴν
777 537 855 627 ἀνὴρ
879 537 1010 628 εδγενῆς
1038 543 1074 606 τὸ
1098 543 1202 619 γάνος,
1224 541 1277 610 τὸν
1301 541 1423 622 τρόπον,
1439 539 1519 605 δεο·

255 669 357 755 ριλῆς,
394 672 427 732 τὸ
453 675 550 754 ,σιἰμα
583 665 769 752 περιφανὴς,
802 668 1064 752 περιρανίσεερυς
1098 665 1154 751 τὴν
1185 665 1300 750 ψυχὴν,
1336 660 1461 750 ἀρδεὸει
1487 664 1520 726 δί

255 790 411 879 ιταιίτηνὸ
436 791 494 878 μὸς
516 788 550 864 ἐξ
573 786 697 854 ἐκείνου
720 791 776 856 καί
800 797 855 875 τῆς
879 785 1002 856 ίκείνου
1026 793 1227 876 φυτηκομίας
1250 787 1421 874 διάδοχος,
1445 789 1521 858 θεὸς

255 916 283 986 δ’
307 913 432 1000 ἄνωθεν
457 913 673 997 ὲπισρραγίίει
696 913 751 998 τὴν
783 907 923 998 αὔξησιν.
960 916 1016 976 καί
1038 915 1222 999 ρυτηκὸμος
1257 916 1314 997 μὲν
1341 907 1359 976 δ
1387 931 1522 996 μακαρι-

255 1041 331 1120 στὸς
360 1036 481 1110 ἐκεῖνος
508 1035 678 1122 Κομνηνὸς
706 1045 766 1120 κὸρ
793 1033 1030 1108 Κωνσταντῐνος
1058 1031 1075 1102 δ
1102 1033 1325 1121 Ναλιασηνὸς,
1353 1039 1467 1123 φυτεία
1488 1035 1522 1098 δὲ

255 1169 312 1248 τῆς
342 1159 464 1228 ἐκείνου
493 1161 632 1248 σπουδῆς
655 1164 720 1243 καίΙ
736 1165 863 1248 γνώμης
892 1159 965 1236 ἀξία
988 1157 1008 1247 ἡ
1032 1163 1102 1245 περί
1125 1161 1180 1246 την
1204 1164 1312 1246 χάραν
1337 1158 1522 1244 Δημητριά·

256 1286 314 1359 δας
343 1283 552 1372 ἀνεγαρδείσα
579 1286 652 1371 παρ’
682 1284 804 1350 ἐκείνου
831 1285 929 1371 μονὴ,
953 1281 1066 1372 ἀρδεία
1094 1283 1130 1348 δί
1153 1279 1172 1370 ἡ
1195 1286 1283 1368 παρὰ
1311 1291 1365 1348 τυὸ
1391 1303 1523 1366 περιτο·

257 1411 361 1494 δῆτυυ
389 1411 535 1495 γαμβροῦ
558 1417 614 1473 τοῦ
637 1413 807 1496 κρατίστου
830 1412 887 1474 καί
911 1405 1003 1488 άγίου
1027 1429 1088 1493 μου
1110 1403 1363 1492 αὐτοκράτορος,
1391 1411 1522 1493 γνησίου

257 1528 286 1597 δ’
316 1530 440 1597 ἐκείνὸο
457 1530 550 1614 υἱοῦ,
580 1530 746 1618 ἀγαπητοῦ
769 1536 854 1598 κατὰ
877 1533 985 1616 κὸριον
1010 1529 1078 1596 οίοὸ
1107 1539 1163 1618 τῆς
1197 1527 1286 1616 ἡμῶν
1309 1535 1522 1617 μετριότητος,

260 1651 485 1736 εὐγενεστάτου
516 1655 686 1744 Κομνηνοὸ
719 1663 778 1742 κάρ
812 1655 977 1722 Νικολάου
1012 1663 1066 1720 τοῦ
1100 1653 1324 1741 Μαλιασηνοὸ,
1360 1652 1524 1740 ἐπιμέλεια
1577 1709 1578 1712 ,

258 1789 314 1868 τῆς
335 1789 434 1867 μονῆς
456 1783 605 1866 καὶπρὸς
629 1781 663 1843 τὸ
688 1789 829 1865 κρεῖττον
853 1777 1003 1852 ἐπίδοσις.
1028 1781 1146 1867 φθάνει
1170 1783 1227 1865 μὲν
1252 1781 1313 1864 γάρ
1336 1774 1354 1842 ὸ
1381 1783 1522 1864 μακαρί-

257 1925 315 1990 της
332 1902 452 1976 ἐκεῖνος
474 1907 544 1988 περί
561 1903 616 1989 τῆν
640 1907 759 1990 χώραν,
784 1900 827 1976 ὡς
848 1901 981 1990 εἴρηται,
1005 1903 1229 1990 Δημητριάδυς
1245 1904 1334 1968 δεῖεν
1357 1905 1435 1966 ναὸν
1458 1902 1524 1965 δεί·

258 2029 386 2112 μασθαι
421 2024 467 2091 ἀπ’
502 2024 635 2112 δνὸμαει
669 2036 723 2112 τῆς
758 2023 934 2112 ὸπεράγνου
970 2049 1030 2112 μου
1069 2029 1271 2113 δευμῆτορυς
1308 2035 1364 2112 τῆς
1402 2025 1525 2101 ὈΕείας

256 2149 482 2236 Ἐπισκίψεως,
507 2143 575 2234 ἥτις
599 2157 654 2235 τῆς
677 2147 926 2237 Μακρινιείσσης
949 2153 1215 2236 κατονομάζεται,
1240 2153 1295 2214 καὶ
1321 2153 1357 2214 ιὸι
1381 2154 1452 2236 περὶ
1475 2153 1525 2214 τὸν

257 2276 333 2338 ναὸν
361 2269 396 2337 εδ
423 2273 513 2358 μάλα
537 2277 602 2352 καί,
632 2269 676 2346 ὣς
700 2269 807 2359 ἐχρῆν,
830 2276 911 2359 πρὸς
935 2269 1118 2358 εὐπρέπειαν
1140 2271 1327 2358 ἀπαρτίσαι,
1351 2269 1386 2338 εὖ
1410 2273 1448 2338 δὲ
1472 2277 1525 2337 καί

257 2396 304 2470 τίς
333 2394 453 2483 ἀνδρῶν
489 2406 655 2482 μοναυτιῖιν
683 2401 885 2478 καταγώγιον
920 2392 1013 2470 οάεος
1044 2393 1140 2483 αδιῆν
1174 2399 1409 2474 κατεσκεύασε,
1447 2400 1526 2484 χρῆ-

258 2541 356 2606 ματα,
379 2523 542 2608 ατῆματα,
564 2523 737 2606 πράγματα
759 2524 1025 2610 προσαφιεράισας
1047 2520 1185 2586 πλοὸσια
1210 2524 1327 2602 πάντα,
1357 2517 1438 2586 ὅθεν
1466 2532 1527 2592 τοῖς

260 2657 415 2732 μοναχοίς
443 2642 534 2710 ἔσται
556 2644 710 2731 διατροφὴ
735 2649 791 2712 καί
814 2653 870 2710 τοῦ
893 2647 990 2712 τὸπου
1014 2645 1166 2716 σύστασις
1193 2642 1250 2710 καὶ
1273 2642 1427 2718 ίπίὸυσις·
1456 2643 1524 2710 ἀλλ’

259 2768 343 2834 ίσειν
369 2768 446 2834 ίδείν
477 2769 519 2855 μῆ
550 2772 645 2855 μόνον
668 2767 701 2834 ίν
726 2770 847 2842 τούτοις
868 2772 1122 2856 προκεχωρηκὸς
1150 2771 1186 2834 τὸ
1209 2771 1321 2835 τούτου
1347 2771 1525 2856 πρόθυμον,

258 2890 343 2958 ἀλλά
370 2897 427 2958 καί
448 2891 482 2958 ἀν
506 2890 553 2966 οίς
579 2896 650 2979 περί
673 2912 743 2958 τινα
771 2893 945 2979 σεβάσμιον
980 2890 1157 2970 ἐνεδείξατο
1185 2891 1285 2979 ἄνδρα
1319 2895 1465 2980 μοναχὸν
1491 2893 1525 2956 τὸ

258 3025 385 3104 σχῆμα,
411 3018 553 3104 μοναχὸν
581 3018 633 3082 τὸν
658 3019 788 3102 τρόπον,
823 3015 878 3101 τῆν
902 3016 1017 3102 κλῆσιν
1042 3015 1197 3103 Ἰωάννης,
1222 3016 1259 3088 ὸς
1280 3014 1386 3084 ἕωθεν
1409 3015 1525 3104 ἀφικά-

259 3161 355 3226 μιιος
379 3143 463 3228 πρὸςΙ
486 3141 609 3223 δυσμάς
636 3143 694 3206 καί
717 3137 833 3226 ἀκριβῆ
858 3139 1051 3225 δοκιμασίαν
1080 3149 1136 3226 τῆς
1159 3133 1258 3206 αὐτοῦ
1280 3143 1526 3226 παρασχόμενος

258 3262 376 3350 ἀρετῆς
404 3263 450 3338 είς
476 3266 688 3349 πνευματικὸν
716 3267 840 3348 πατέρα
867 3261 910 3349 τῷ
937 3268 1098 3349 μακαρίτῃ
1127 3261 1238 3350 ίκείνφ
1261 3267 1373 3344 γεγὸνε
1397 3261 1526 3330 Μαλια-

259 3391 356 3474 σηνῷ,
381 3391 437 3452 καί
464 3385 532 3453 άπεί
555 3385 571 3452 δ
597 3389 739 3474 μοναχὸς
763 3382 855 3459 οὖτος
878 3395 985 3474 χῶρον
1009 3384 1112 3454 ἀκουαί
1134 3407 1196 3452 που
1222 3387 1349 3452 κατεῖδε
1365 3395 1524 3474 κοσμικῆς

260 3511 445 3597 συγχύσεως
466 3511 596 3598 ἔρημον,
620 3511 697 3596 πρὸς
720 3511 858 3598 ψυχικὴν
882 3515 1081 3577 συντείνοντα
1097 3511 1151 3596 τῆν
1175 3508 1338 3599 ἀρίλειαν,
1362 3507 1523 3578 Ῥάσουσα

259 3633 303 3720 τῷ
332 3637 428 3720 χοίρῳ
456 3637 491 3700 τὸ
515 3630 631 3722 ὄνομα,
655 3637 713 3700 καί
736 3631 798 3701 ἀπὸ
822 3643 882 3698 των
906 3634 1038 3700 δικαίων
1066 3642 1121 3700 του
1145 3631 1371 3714 ιὸγενεατάτοο
1392 3633 1524 3718 Κορνη-

259 3766 314 3824 νοῡ
342 3765 440 3844 κοροὸ
462 3755 628 3824 Νικολάου
652 3763 707 3822 του
730 3755 956 3843 Ναλιασηνου,
982 3752 1221 3845 ἡσυχαστῆριον
1244 3753 1340 3828 αιίτὸτ
1363 3753 1526 3841 ἀνεγείρει

259 3881 281 3950 δ
310 3884 348 3950 δί
381 3883 551 3970 Κομνηνὸς
578 3891 639 3969 κὸρ
672 3881 839 3972 Νικόλαος
872 3879 890 3948 ὸ
925 3881 1134 3970 Μαλιασηνὸς
1167 3885 1208 3948 τά
1240 3884 1318 3969 πρὸς
1352 3881 1526 3966 οίιιοδσμάς

261 4006 458 4094 ἀναλώματα
491 4007 690 4092 καταβάλλει
724 4011 780 4072 καί
812 4009 892 4080 θεὸς
927 4008 982 4094 τῆν
1016 4007 1178 4072 τελείωσιν
1214 4004 1413 4093 ἀπιχορηγεῐ,
1450 4002 1524 4071 ὅθεν

259 4141 322 4214 πάν
350 4129 443 4216 άμγον
471 4127 621 4204 εὐδοκίας
656 4131 741 4196 λστίν
777 4127 918 4209 ἀγαθὸν,
953 4127 1021 4194 ίπεί
1049 4133 1111 4215 γάρ
1145 4127 1190 4202 είς
1218 4127 1335 4214 ἀνδρας
1367 4131 1525 4214 προέκοψε

260 4259 457 4344 μσνάίοντας
485 4255 683 4322 δυοκαίδεκα
710 4256 746 4320 τὸ
769 4250 1008 4341 ἡσυχαστῆριον
1036 4253 1188 4325 σπουδαῖς
1210 4256 1268 4340 μὸν
1291 4260 1347 4316 τοῦ
1371 4259 1524 4340 μοναχοιῆ

261 4391 324 4452 ’τοῖς
348 4378 388 4446 ,δί
415 4385 470 4444 τοὸ
497 4380 714 4468 περιποθήτου
738 4379 882 4463 γαμβροῦ
906 4384 961 4444 τοῦ
991 4381 1163 4463 κρατίστου
1185 4381 1242 4444 καί
1266 4373 1359 4456 ἀγίου
1383 4397 1444 4462 μου
1468 4371 1524 4443 αιἰ-

261 4508 452 4590 τοκράτορος
474 4501 706 4584 ,εὐγενεστάτου
733 4499 919 4588 Κομνηνοΐι,
948 4497 1115 4587 ἀγαπητοῦ
1138 4504 1224 4568 κατὰ
1246 4502 1353 4586 κὸριον
1376 4499 1446 4568 οίου
1469 4509 1522 4585 τῆς

261 4623 352 4712 ἡμῶν
373 4631 586 4713 μετριότητος,
611 4635 707 4712 κοροὸ
731 4625 896 4694 Νικολάου
919 4635 974 4694 τοῦ
997 4623 1217 4712 Μαλιασηνοῡ,
1243 4623 1442 4720 ἀναλώμασι.
1466 4627 1520 4715 ²4³
