<?xml version="1.0" encoding="UTF-8"?>
<!DOCTYPE html PUBLIC "-//W3C//DTD XHTML 1.0 Transitional//EN"
    "http://www.w3.org/TR/xhtml1/DTD/xhtml1-transitional.dtd">
<html xmlns="http://www.w3.org/1999/xhtml" xml:lang="en" lang="en">
 <head>
  <title>
</title>
<meta http-equiv="Content-Type" content="text/html;charset=utf-8" />
  <meta name='ocr-system' content='tesseract 3.04.00' />
  <meta name='ocr-capabilities' content='ocr_page ocr_carea ocr_par ocr_line ocrx_word'/>
</head>
<body>
  <div class='ocr_page' id='page_1' title='image "./actaetdiplomata04miklgoog_0463.png"; bbox 0 0 3168 5274; ppageno 0'>
   <div class='ocr_carea' id='block_1_1' title="bbox 272 281 335 350">
    <p class='ocr_par' dir='ltr' id='par_1_1' title="bbox 272 281 335 350">
     <span class='ocr_line' id='line_1_1' title="bbox 272 281 335 350; baseline -0.063 0"><span class='ocrx_word' id='word_1_1' title='bbox 272 281 335 350; x_wconf 75' lang='lat'><strong>372</strong></span> 
     </span>
    </p>
   </div>
   <div class='ocr_carea' id='block_1_2' title="bbox 271 470 1583 2172">
    <p class='ocr_par' dir='ltr' id='par_1_2' title="bbox 271 470 1583 2172">
     <span class='ocr_line' id='line_1_2' title="bbox 271 470 1536 563; baseline -0.006 -20"><span class='ocrx_word' id='word_1_2' title='bbox 271 473 379 543; x_wconf 78' lang='grc' dir='ltr'><strong>τίστου</strong></span> <span class='ocrx_word' id='word_1_3' title='bbox 406 481 462 556; x_wconf 82' lang='grc' dir='ltr'><strong>καί</strong></span> <span class='ocrx_word' id='word_1_4' title='bbox 490 479 683 563; x_wconf 84' lang='grc' dir='ltr'><strong>θεοστεφοδς</strong></span> <span class='ocrx_word' id='word_1_5' title='bbox 712 474 804 556; x_wconf 85' lang='grc' dir='ltr'><strong>άγόου</strong></span> <span class='ocrx_word' id='word_1_6' title='bbox 839 493 899 561; x_wconf 89' lang='grc' dir='ltr'><strong>μου</strong></span> <span class='ocrx_word' id='word_1_7' title='bbox 929 473 1178 562; x_wconf 70' lang='grc' dir='ltr'><strong>αὐτοκράτορος,</strong></span> <span class='ocrx_word' id='word_1_8' title='bbox 1212 476 1445 540; x_wconf 73' lang='grc' dir='ltr'><strong>ποθεινότατον</strong></span> <span class='ocrx_word' id='word_1_9' title='bbox 1471 470 1536 536; x_wconf 83' lang='grc' dir='ltr'><strong>υἱόν</strong></span> 
     </span>
     <span class='ocr_line' id='line_1_3' title="bbox 273 589 1536 686; baseline -0.005 -22"><span class='ocrx_word' id='word_1_10' title='bbox 273 599 305 666; x_wconf 78' lang='grc' dir='ltr'><strong>ὐν</strong></span> <span class='ocrx_word' id='word_1_11' title='bbox 330 597 410 686; x_wconf 79' lang='grc' dir='ltr'><strong>ἀγίιρ</strong></span> <span class='ocrx_word' id='word_1_12' title='bbox 433 602 585 686; x_wconf 83' lang='grc' dir='ltr'><strong>πνεόμοιτι</strong></span> <span class='ocrx_word' id='word_1_13' title='bbox 605 607 660 686; x_wconf 74' lang='grc' dir='ltr'><strong>τῆς</strong></span> <span class='ocrx_word' id='word_1_14' title='bbox 683 595 773 686; x_wconf 76' lang='grc' dir='ltr'><strong>ἡμῶν</strong></span> <span class='ocrx_word' id='word_1_15' title='bbox 794 603 1007 686; x_wconf 77' lang='grc' dir='ltr'><strong>μετριότητος,</strong></span> <span class='ocrx_word' id='word_1_16' title='bbox 1032 589 1257 678; x_wconf 74' lang='grc' dir='ltr'><strong>εὐγενέστατον</strong></span> <span class='ocrx_word' id='word_1_17' title='bbox 1281 595 1342 684; x_wconf 74' lang='grc' dir='ltr'><strong>ἀρφ</strong></span> <span class='ocrx_word' id='word_1_18' title='bbox 1368 595 1536 683; x_wconf 84' lang='grc' dir='ltr'><strong>Κομνηνδν</strong></span> 
     </span>
     <span class='ocr_line' id='line_1_4' title="bbox 272 717 1537 810; baseline -0.006 -18"><span class='ocrx_word' id='word_1_19' title='bbox 272 735 332 810; x_wconf 81' lang='grc' dir='ltr'><strong>τιόρ</strong></span> <span class='ocrx_word' id='word_1_20' title='bbox 358 723 521 798; x_wconf 70' lang='grc' dir='ltr'><strong>Νικόλαον</strong></span> <span class='ocrx_word' id='word_1_21' title='bbox 550 721 710 803; x_wconf 78' lang='grc' dir='ltr'><strong>Ἄγγελον</strong></span> <span class='ocrx_word' id='word_1_22' title='bbox 738 717 903 810; x_wconf 75' lang='grc' dir='ltr'><strong>Βροίννιον</strong></span> <span class='ocrx_word' id='word_1_23' title='bbox 931 727 984 789; x_wconf 83' lang='grc' dir='ltr'><strong>τόν</strong></span> <span class='ocrx_word' id='word_1_24' title='bbox 1011 721 1228 809; x_wconf 82' lang='grc' dir='ltr'><strong>Μαλιασηνόν·</strong></span> <span class='ocrx_word' id='word_1_25' title='bbox 1258 721 1336 808; x_wconf 72' lang='grc' dir='ltr'><strong>ἀνὴρ</strong></span> <span class='ocrx_word' id='word_1_26' title='bbox 1360 723 1423 806; x_wconf 84' lang='grc' dir='ltr'><strong>γὰρ</strong></span> <span class='ocrx_word' id='word_1_27' title='bbox 1447 717 1537 792; x_wconf 79' lang='grc' dir='ltr'><strong>οὖτος</strong></span> 
     </span>
     <span class='ocr_line' id='line_1_5' title="bbox 273 839 1537 936; baseline -0.006 -22"><span class='ocrx_word' id='word_1_28' title='bbox 273 847 315 922; x_wconf 76' lang='grc' dir='ltr'><strong>ιδς</strong></span> <span class='ocrx_word' id='word_1_29' title='bbox 344 847 428 934; x_wconf 76' lang='grc' dir='ltr'><strong>εἴπερ</strong></span> <span class='ocrx_word' id='word_1_30' title='bbox 462 869 509 921; x_wconf 93' lang='grc' dir='ltr'><strong>τις</strong></span> <span class='ocrx_word' id='word_1_31' title='bbox 536 843 665 934; x_wconf 78' lang='grc' dir='ltr'><strong>εὐγενὴς</strong></span> <span class='ocrx_word' id='word_1_32' title='bbox 699 851 756 912; x_wconf 88' lang='grc' dir='ltr'><strong>καί</strong></span> <span class='ocrx_word' id='word_1_33' title='bbox 785 847 911 934; x_wconf 83' lang='grc' dir='ltr'><strong>Κόδρου</strong></span> <span class='ocrx_word' id='word_1_34' title='bbox 945 851 1039 936; x_wconf 87' lang='grc' dir='ltr'><strong>φασίν</strong></span> <span class='ocrx_word' id='word_1_35' title='bbox 1071 843 1290 932; x_wconf 69' lang='grc' dir='ltr'><strong>εὐγενέστερος</strong></span> <span class='ocrx_word' id='word_1_36' title='bbox 1323 847 1379 908; x_wconf 86' lang='grc' dir='ltr'><strong>καί</strong></span> <span class='ocrx_word' id='word_1_37' title='bbox 1408 839 1537 916; x_wconf 81' lang='grc' dir='ltr'><strong>οὐδενός</strong></span> 
     </span>
     <span class='ocr_line' id='line_1_6' title="bbox 272 963 1537 1060; baseline -0.004 -24"><span class='ocrx_word' id='word_1_38' title='bbox 272 969 372 1058; x_wconf 82' lang='grc' dir='ltr'><strong>ἥττων</strong></span> <span class='ocrx_word' id='word_1_39' title='bbox 399 981 458 1036; x_wconf 80' lang='grc' dir='ltr'><strong>τῶν</strong></span> <span class='ocrx_word' id='word_1_40' title='bbox 488 967 540 1060; x_wconf 87' lang='grc' dir='ltr'><strong>ἀφ’</strong></span> <span class='ocrx_word' id='word_1_41' title='bbox 574 967 665 1058; x_wconf 81' lang='grc' dir='ltr'><strong>ἡλίου</strong></span> <span class='ocrx_word' id='word_1_42' title='bbox 694 969 872 1036; x_wconf 73' lang='grc' dir='ltr'><strong>ἀνατολῶν·</strong></span> <span class='ocrx_word' id='word_1_43' title='bbox 906 967 923 1036; x_wconf 92' lang='grc' dir='ltr'><strong>ό</strong></span> <span class='ocrx_word' id='word_1_44' title='bbox 953 975 1059 1057; x_wconf 84' lang='grc' dir='ltr'><strong>μίντυι</strong></span> <span class='ocrx_word' id='word_1_45' title='bbox 1093 973 1206 1056; x_wconf 88' lang='grc' dir='ltr'><strong>τρόπος</strong></span> <span class='ocrx_word' id='word_1_46' title='bbox 1242 963 1327 1056; x_wconf 74' lang='grc' dir='ltr'><strong>αὐτῷ</strong></span> <span class='ocrx_word' id='word_1_47' title='bbox 1352 971 1537 1053; x_wconf 77' lang='grc' dir='ltr'><strong>θαυμάσιος</strong></span> 
     </span>
     <span class='ocr_line' id='line_1_7' title="bbox 273 1092 1536 1182; baseline -0.006 -21"><span class='ocrx_word' id='word_1_48' title='bbox 273 1094 341 1170; x_wconf 86' lang='grc' dir='ltr'><strong>υίος</strong></span> <span class='ocrx_word' id='word_1_49' title='bbox 368 1099 423 1162; x_wconf 87' lang='grc' dir='ltr'><strong>καί</strong></span> <span class='ocrx_word' id='word_1_50' title='bbox 452 1097 551 1182; x_wconf 82' lang='grc' dir='ltr'><strong>μηδὲν</strong></span> <span class='ocrx_word' id='word_1_51' title='bbox 580 1093 721 1182; x_wconf 78' lang='grc' dir='ltr'><strong>δλίγχων</strong></span> <span class='ocrx_word' id='word_1_52' title='bbox 745 1096 780 1160; x_wconf 86' lang='grc' dir='ltr'><strong>εδ</strong></span> <span class='ocrx_word' id='word_1_53' title='bbox 805 1099 910 1176; x_wconf 77' lang='grc' dir='ltr'><strong>γενος,</strong></span> <span class='ocrx_word' id='word_1_54' title='bbox 939 1095 1119 1181; x_wconf 75' lang='grc' dir='ltr'><strong>μᾶλλονδὲ</strong></span> <span class='ocrx_word' id='word_1_55' title='bbox 1144 1109 1180 1174; x_wconf 82' lang='grc' dir='ltr'><strong>γε</strong></span> <span class='ocrx_word' id='word_1_56' title='bbox 1206 1095 1304 1179; x_wconf 79' lang='grc' dir='ltr'><strong>τούτῳ</strong></span> <span class='ocrx_word' id='word_1_57' title='bbox 1328 1092 1536 1178; x_wconf 82' lang='grc' dir='ltr'><strong>καταλληλό-</strong></span> 
     </span>
     <span class='ocr_line' id='line_1_8' title="bbox 273 1209 1540 1304; baseline -0.002 -22"><span class='ocrx_word' id='word_1_58' title='bbox 273 1237 376 1304; x_wconf 84' lang='grc' dir='ltr'><strong>τερος,</strong></span> <span class='ocrx_word' id='word_1_59' title='bbox 413 1217 482 1285; x_wconf 83' lang='grc' dir='ltr'><strong>ἀλλ’</strong></span> <span class='ocrx_word' id='word_1_60' title='bbox 512 1219 578 1284; x_wconf 79' lang='grc' dir='ltr'><strong>ἔδει</strong></span> <span class='ocrx_word' id='word_1_61' title='bbox 605 1222 661 1282; x_wconf 84' lang='grc' dir='ltr'><strong>καί</strong></span> <span class='ocrx_word' id='word_1_62' title='bbox 682 1217 721 1304; x_wconf 75' lang='grc' dir='ltr'><strong>ἣν</strong></span> <span class='ocrx_word' id='word_1_63' title='bbox 744 1217 859 1304; x_wconf 66' lang='grc' dir='ltr'><strong>ἔμελλε</strong></span> <span class='ocrx_word' id='word_1_64' title='bbox 883 1219 1033 1282; x_wconf 84' lang='grc' dir='ltr'><strong>κοινωνόν</strong></span> <span class='ocrx_word' id='word_1_65' title='bbox 1057 1209 1192 1284; x_wconf 78' lang='grc' dir='ltr'><strong>όλόοθαι</strong></span> <span class='ocrx_word' id='word_1_66' title='bbox 1227 1225 1282 1282; x_wconf 85' lang='grc' dir='ltr'><strong>τοδ</strong></span> <span class='ocrx_word' id='word_1_67' title='bbox 1311 1218 1390 1300; x_wconf 89' lang='grc' dir='ltr'><strong>βίου,</strong></span> <span class='ocrx_word' id='word_1_68' title='bbox 1429 1217 1540 1303; x_wconf 86' lang='grc' dir='ltr'><strong>μηδενί</strong></span> 
     </span>
     <span class='ocr_line' id='line_1_9' title="bbox 273 1339 1538 1431; baseline -0.004 -24"><span class='ocrx_word' id='word_1_69' title='bbox 273 1345 385 1407; x_wconf 90' lang='grc' dir='ltr'><strong>τοότου</strong></span> <span class='ocrx_word' id='word_1_70' title='bbox 417 1346 458 1406; x_wconf 85' lang='grc' dir='ltr'><strong>τά</strong></span> <span class='ocrx_word' id='word_1_71' title='bbox 485 1363 522 1423; x_wconf 86' lang='grc' dir='ltr'><strong>γε</strong></span> <span class='ocrx_word' id='word_1_72' title='bbox 552 1339 597 1416; x_wconf 75' lang='grc' dir='ltr'><strong>εἰς</strong></span> <span class='ocrx_word' id='word_1_73' title='bbox 624 1345 825 1431; x_wconf 69' lang='grc' dir='ltr'><strong>περιφάνειαν</strong></span> <span class='ocrx_word' id='word_1_74' title='bbox 858 1343 1082 1429; x_wconf 71' lang='grc' dir='ltr'><strong>καθυφίεσθαι</strong></span> <span class='ocrx_word' id='word_1_75' title='bbox 1117 1339 1137 1429; x_wconf 79' lang='grc' dir='ltr'><strong>ἢ</strong></span> <span class='ocrx_word' id='word_1_76' title='bbox 1166 1341 1238 1414; x_wconf 80' lang='grc' dir='ltr'><strong>τούς</strong></span> <span class='ocrx_word' id='word_1_77' title='bbox 1266 1343 1400 1427; x_wconf 76' lang='grc' dir='ltr'><strong>τρόπους</strong></span> <span class='ocrx_word' id='word_1_78' title='bbox 1436 1339 1458 1428; x_wconf 79' lang='grc' dir='ltr'><strong>ἢ</strong></span> <span class='ocrx_word' id='word_1_79' title='bbox 1487 1341 1538 1425; x_wconf 79' lang='grc' dir='ltr'><strong>ιην</strong></span> 
     </span>
     <span class='ocr_line' id='line_1_10' title="bbox 274 1459 1583 1553; baseline -0.002 -23"><span class='ocrx_word' id='word_1_80' title='bbox 274 1469 400 1552; x_wconf 78' lang='grc' dir='ltr'><strong>γνώμην</strong></span> <span class='ocrx_word' id='word_1_81' title='bbox 428 1463 526 1552; x_wconf 70' lang='grc' dir='ltr'><strong>Ιἀκὴν</strong></span> <span class='ocrx_word' id='word_1_82' title='bbox 551 1459 719 1544; x_wconf 74' lang='grc' dir='ltr'><strong>εὐγένειαν.</strong></span> <span class='ocrx_word' id='word_1_83' title='bbox 744 1470 845 1530; x_wconf 79' lang='grc' dir='ltr'><strong>τοίνυν</strong></span> <span class='ocrx_word' id='word_1_84' title='bbox 868 1469 925 1530; x_wconf 88' lang='grc' dir='ltr'><strong>καί</strong></span> <span class='ocrx_word' id='word_1_85' title='bbox 953 1466 1111 1552; x_wconf 79' lang='grc' dir='ltr'><strong>συνῆλθεν</strong></span> <span class='ocrx_word' id='word_1_86' title='bbox 1134 1463 1228 1553; x_wconf 82' lang='grc' dir='ltr'><strong>ἄμφω</strong></span> <span class='ocrx_word' id='word_1_87' title='bbox 1256 1463 1394 1552; x_wconf 77' lang='grc' dir='ltr'><strong>τὰγένη</strong></span> <span class='ocrx_word' id='word_1_88' title='bbox 1422 1461 1462 1530; x_wconf 60' lang='lat' dir='ltr'><strong>&amp;a</strong></span> <span class='ocrx_word' id='word_1_89' title='bbox 1486 1473 1539 1550; x_wconf 75' lang='grc' dir='ltr'><strong>τῆς</strong></span> <span class='ocrx_word' id='word_1_90' title='bbox 1582 1465 1583 1468; x_wconf 71' lang='grc'>’</span> 
     </span>
     <span class='ocr_line' id='line_1_11' title="bbox 275 1583 1540 1678; baseline 0 -24"><span class='ocrx_word' id='word_1_91' title='bbox 275 1587 374 1676; x_wconf 78' lang='grc' dir='ltr'><strong>αὐτῆς</strong></span> <span class='ocrx_word' id='word_1_92' title='bbox 402 1586 419 1654; x_wconf 83' lang='grc' dir='ltr'><strong>ό</strong></span> <span class='ocrx_word' id='word_1_93' title='bbox 447 1611 525 1678; x_wconf 90' lang='grc' dir='ltr'><strong>φασι</strong></span> <span class='ocrx_word' id='word_1_94' title='bbox 549 1592 588 1654; x_wconf 86' lang='grc' dir='ltr'><strong>τά</strong></span> <span class='ocrx_word' id='word_1_95' title='bbox 615 1599 769 1677; x_wconf 77' lang='grc' dir='ltr'><strong>περιφανῆ</strong></span> <span class='ocrx_word' id='word_1_96' title='bbox 804 1593 861 1654; x_wconf 86' lang='grc' dir='ltr'><strong>καί</strong></span> <span class='ocrx_word' id='word_1_97' title='bbox 888 1584 1105 1677; x_wconf 81' lang='grc' dir='ltr'><strong>ὐπίρλαμπρα,</strong></span> <span class='ocrx_word' id='word_1_98' title='bbox 1139 1593 1195 1654; x_wconf 82' lang='grc' dir='ltr'><strong>καί</strong></span> <span class='ocrx_word' id='word_1_99' title='bbox 1221 1583 1242 1676; x_wconf 78' lang='grc' dir='ltr'>ἡ</span> <span class='ocrx_word' id='word_1_100' title='bbox 1278 1593 1460 1676; x_wconf 78' lang='grc' dir='ltr'><strong>σεμνοτάτη</strong></span> <span class='ocrx_word' id='word_1_101' title='bbox 1487 1593 1540 1654; x_wconf 89' lang='grc' dir='ltr'><strong>καί</strong></span> 
     </span>
     <span class='ocr_line' id='line_1_12' title="bbox 274 1710 1539 1802; baseline -0.002 -22"><span class='ocrx_word' id='word_1_102' title='bbox 274 1713 432 1800; x_wconf 88' lang='grc' dir='ltr'><strong>καλλίστη</strong></span> <span class='ocrx_word' id='word_1_103' title='bbox 456 1710 488 1778; x_wconf 77' lang='grc' dir='ltr'><strong>ἐν</strong></span> <span class='ocrx_word' id='word_1_104' title='bbox 512 1713 631 1793; x_wconf 73' lang='grc' dir='ltr'><strong>γυναιξί</strong></span> <span class='ocrx_word' id='word_1_105' title='bbox 661 1715 713 1778; x_wconf 85' lang='grc' dir='ltr'><strong>τόν</strong></span> <span class='ocrx_word' id='word_1_106' title='bbox 738 1713 772 1778; x_wconf 78' lang='grc' dir='ltr'><strong>ὐν</strong></span> <span class='ocrx_word' id='word_1_107' title='bbox 797 1710 932 1800; x_wconf 77' lang='grc' dir='ltr'><strong>ἀνδράσι</strong></span> <span class='ocrx_word' id='word_1_108' title='bbox 954 1715 1137 1798; x_wconf 89' lang='grc' dir='ltr'><strong>θαυμάσιον</strong></span> <span class='ocrx_word' id='word_1_109' title='bbox 1161 1717 1217 1778; x_wconf 85' lang='grc' dir='ltr'><strong>καί</strong></span> <span class='ocrx_word' id='word_1_110' title='bbox 1240 1725 1381 1792; x_wconf 89' lang='grc' dir='ltr'><strong>γενναίον</strong></span> <span class='ocrx_word' id='word_1_111' title='bbox 1409 1717 1539 1802; x_wconf 88' lang='grc' dir='ltr'><strong>νυμφίον</strong></span> 
     </span>
     <span class='ocr_line' id='line_1_13' title="bbox 276 1833 1541 1925; baseline -0.002 -24"><span class='ocrx_word' id='word_1_112' title='bbox 276 1835 434 1924; x_wconf 81' lang='grc' dir='ltr'><strong>ὐγνόρισε,</strong></span> <span class='ocrx_word' id='word_1_113' title='bbox 463 1835 520 1902; x_wconf 86' lang='grc' dir='ltr'><strong>καὶ</strong></span> <span class='ocrx_word' id='word_1_114' title='bbox 549 1837 633 1902; x_wconf 78' lang='grc' dir='ltr'><strong>ἔστιν</strong></span> <span class='ocrx_word' id='word_1_115' title='bbox 662 1833 742 1924; x_wconf 82' lang='grc' dir='ltr'><strong>αὐτη</strong></span> <span class='ocrx_word' id='word_1_116' title='bbox 769 1833 789 1925; x_wconf 80' lang='grc' dir='ltr'>ἡ</span> <span class='ocrx_word' id='word_1_117' title='bbox 817 1840 1034 1924; x_wconf 71' lang='grc' dir='ltr'><strong>περιπόθητος</strong></span> <span class='ocrx_word' id='word_1_118' title='bbox 1062 1835 1176 1924; x_wconf 79' lang='grc' dir='ltr'><strong>ἀνεψιὰ</strong></span> <span class='ocrx_word' id='word_1_119' title='bbox 1204 1847 1259 1901; x_wconf 79' lang='grc' dir='ltr'><strong>τοῦ</strong></span> <span class='ocrx_word' id='word_1_120' title='bbox 1282 1841 1457 1922; x_wconf 74' lang='grc' dir='ltr'><strong>κρατίστου</strong></span> <span class='ocrx_word' id='word_1_121' title='bbox 1487 1834 1541 1901; x_wconf 85' lang='grc' dir='ltr'><strong>καί</strong></span> 
     </span>
     <span class='ocr_line' id='line_1_14' title="bbox 278 1957 1540 2061; baseline -0.002 -35"><span class='ocrx_word' id='word_1_122' title='bbox 278 1957 369 2042; x_wconf 83' lang='grc' dir='ltr'><strong>άγίου</strong></span> <span class='ocrx_word' id='word_1_123' title='bbox 386 1983 454 2061; x_wconf 82' lang='grc' dir='ltr'><strong>μου</strong></span> <span class='ocrx_word' id='word_1_124' title='bbox 470 1960 716 2049; x_wconf 87' lang='grc' dir='ltr'><strong>αὐτοκράτορος,</strong></span> <span class='ocrx_word' id='word_1_125' title='bbox 742 1964 929 2048; x_wconf 89' lang='grc' dir='ltr'><strong>γνησωτάτη</strong></span> <span class='ocrx_word' id='word_1_126' title='bbox 952 1964 1037 2026; x_wconf 86' lang='grc' dir='ltr'><strong>κατὰ</strong></span> <span class='ocrx_word' id='word_1_127' title='bbox 1060 1969 1182 2048; x_wconf 79' lang='grc' dir='ltr'><strong>πνεῦμα</strong></span> <span class='ocrx_word' id='word_1_128' title='bbox 1205 1964 1351 2050; x_wconf 76' lang='grc' dir='ltr'><strong>θυγάτηρ</strong></span> <span class='ocrx_word' id='word_1_129' title='bbox 1375 1971 1433 2049; x_wconf 81' lang='grc' dir='ltr'><strong>τῆς</strong></span> <span class='ocrx_word' id='word_1_130' title='bbox 1456 1957 1540 2048; x_wconf 79' lang='grc' dir='ltr'><strong>ἡμῶν</strong></span> 
     </span>
     <span class='ocr_line' id='line_1_15' title="bbox 278 2079 1541 2172; baseline -0.001 -22"><span class='ocrx_word' id='word_1_131' title='bbox 278 2079 491 2172; x_wconf 82' lang='grc' dir='ltr'><strong>μετριότητος,</strong></span> <span class='ocrx_word' id='word_1_132' title='bbox 522 2079 729 2170; x_wconf 84' lang='grc' dir='ltr'><strong>εὐγενεστάτη</strong></span> <span class='ocrx_word' id='word_1_133' title='bbox 757 2081 908 2172; x_wconf 81' lang='grc' dir='ltr'><strong>Κομνηνη</strong></span> <span class='ocrx_word' id='word_1_134' title='bbox 933 2089 1014 2170; x_wconf 86' lang='grc' dir='ltr'><strong>κυρά</strong></span> <span class='ocrx_word' id='word_1_135' title='bbox 1035 2085 1138 2151; x_wconf 80' lang='grc' dir='ltr'><strong>’Ἅννα</strong></span> <span class='ocrx_word' id='word_1_136' title='bbox 1165 2086 1325 2154; x_wconf 87' lang='grc' dir='ltr'><strong>Δοόκαινα</strong></span> <span class='ocrx_word' id='word_1_137' title='bbox 1355 2085 1541 2151; x_wconf 84' lang='grc' dir='ltr'><strong>Παλαισλο·</strong></span> 
     </span>
    </p>
   </div>
   <div class='ocr_carea' id='block_1_3' title="bbox 277 2189 1583 2298">
    <p class='ocr_par' dir='ltr' id='par_1_3' title="bbox 277 2189 1583 2298">
     <span class='ocr_line' id='line_1_16' title="bbox 277 2189 1583 2298; baseline -0.002 -25"><span class='ocrx_word' id='word_1_138' title='bbox 277 2204 390 2296; x_wconf 83' lang='grc' dir='ltr'><strong>γίνοιὴ</strong></span> <span class='ocrx_word' id='word_1_139' title='bbox 418 2206 620 2294; x_wconf 81' lang='grc' dir='ltr'><strong>Μαλιασηνη,</strong></span> <span class='ocrx_word' id='word_1_140' title='bbox 655 2211 712 2272; x_wconf 85' lang='grc' dir='ltr'><strong>καί</strong></span> <span class='ocrx_word' id='word_1_141' title='bbox 741 2203 757 2272; x_wconf 86' lang='grc' dir='ltr'><strong>ό</strong></span> <span class='ocrx_word' id='word_1_142' title='bbox 786 2210 899 2293; x_wconf 88' lang='grc' dir='ltr'><strong>τρόπος</strong></span> <span class='ocrx_word' id='word_1_143' title='bbox 932 2207 1003 2282; x_wconf 82' lang='grc' dir='ltr'><strong>ἶσος</strong></span> <span class='ocrx_word' id='word_1_144' title='bbox 1030 2208 1087 2274; x_wconf 88' lang='grc' dir='ltr'><strong>καὶ</strong></span> <span class='ocrx_word' id='word_1_145' title='bbox 1115 2207 1336 2296; x_wconf 82' lang='grc' dir='ltr'><strong>ὁμογνώμονες</strong></span> <span class='ocrx_word' id='word_1_146' title='bbox 1365 2207 1462 2298; x_wconf 82' lang='grc' dir='ltr'><strong>ἄμφω</strong></span> <span class='ocrx_word' id='word_1_147' title='bbox 1488 2211 1541 2273; x_wconf 90' lang='grc' dir='ltr'><strong>καί</strong></span> <span class='ocrx_word' id='word_1_148' title='bbox 1582 2189 1583 2192; x_wconf 19' lang='lat'>¹</span> 
     </span>
    </p>
   </div>
   <div class='ocr_carea' id='block_1_4' title="bbox 272 2327 1583 4774">
    <p class='ocr_par' dir='ltr' id='par_1_4' title="bbox 272 2327 1583 4774">
     <span class='ocr_line' id='line_1_17' title="bbox 276 2327 1541 2422; baseline -0.001 -25"><span class='ocrx_word' id='word_1_149' title='bbox 276 2335 430 2421; x_wconf 89' lang='grc' dir='ltr'><strong>συνάφεια</strong></span> <span class='ocrx_word' id='word_1_150' title='bbox 453 2335 557 2418; x_wconf 78' lang='grc' dir='ltr'><strong>ψυχῆς</strong></span> <span class='ocrx_word' id='word_1_151' title='bbox 584 2327 725 2396; x_wconf 76' lang='grc' dir='ltr'><strong>ενταῦθα</strong></span> <span class='ocrx_word' id='word_1_152' title='bbox 754 2331 876 2417; x_wconf 76' lang='grc' dir='ltr'><strong>μᾶλλον</strong></span> <span class='ocrx_word' id='word_1_153' title='bbox 904 2329 925 2418; x_wconf 78' lang='grc' dir='ltr'><strong>ἢ</strong></span> <span class='ocrx_word' id='word_1_154' title='bbox 954 2336 1113 2419; x_wconf 79' lang='grc' dir='ltr'><strong>σώματος·</strong></span> <span class='ocrx_word' id='word_1_155' title='bbox 1142 2329 1223 2399; x_wconf 82' lang='grc' dir='ltr'><strong>εὐτυ</strong></span> <span class='ocrx_word' id='word_1_156' title='bbox 1252 2337 1313 2420; x_wconf 83' lang='grc' dir='ltr'><strong>γάρ</strong></span> <span class='ocrx_word' id='word_1_157' title='bbox 1342 2331 1422 2421; x_wconf 72' lang='grc' dir='ltr'><strong>ἔσχε</strong></span> <span class='ocrx_word' id='word_1_158' title='bbox 1454 2333 1541 2422; x_wconf 81' lang='grc' dir='ltr'><strong>φιλο-</strong></span> 
     </span>
     <span class='ocr_line' id='line_1_18' title="bbox 277 2450 1583 2546; baseline -0.002 -23"><span class='ocrx_word' id='word_1_159' title='bbox 277 2461 389 2530; x_wconf 86' lang='grc' dir='ltr'><strong>νείκως</strong></span> <span class='ocrx_word' id='word_1_160' title='bbox 412 2463 468 2542; x_wconf 77' lang='grc' dir='ltr'><strong>τῆς</strong></span> <span class='ocrx_word' id='word_1_161' title='bbox 489 2451 623 2541; x_wconf 84' lang='grc' dir='ltr'><strong>ὐντολης</strong></span> <span class='ocrx_word' id='word_1_162' title='bbox 650 2450 887 2541; x_wconf 86' lang='grc' dir='ltr'><strong>ότεράρασθαι,</strong></span> <span class='ocrx_word' id='word_1_163' title='bbox 916 2453 960 2529; x_wconf 82' lang='grc' dir='ltr'><strong>ός</strong></span> <span class='ocrx_word' id='word_1_164' title='bbox 984 2451 1020 2520; x_wconf 92' lang='grc' dir='ltr'><strong>οὐ</strong></span> <span class='ocrx_word' id='word_1_165' title='bbox 1045 2459 1141 2542; x_wconf 88' lang='grc' dir='ltr'><strong>μόνον</strong></span> <span class='ocrx_word' id='word_1_166' title='bbox 1165 2457 1289 2546; x_wconf 87' lang='grc' dir='ltr'><strong>βοηθόν</strong></span> <span class='ocrx_word' id='word_1_167' title='bbox 1312 2460 1412 2543; x_wconf 88' lang='grc' dir='ltr'><strong>τοότιρ</strong></span> <span class='ocrx_word' id='word_1_168' title='bbox 1438 2458 1540 2542; x_wconf 80' lang='grc' dir='ltr'><strong>δοθη·</strong></span> <span class='ocrx_word' id='word_1_169' title='bbox 1582 2473 1583 2486; x_wconf 70' lang='grc'>’</span> 
     </span>
     <span class='ocr_line' id='line_1_19' title="bbox 278 2574 1541 2668; baseline -0.003 -21"><span class='ocrx_word' id='word_1_170' title='bbox 278 2601 331 2648; x_wconf 92' lang='grc' dir='ltr'><strong>ναι</strong></span> <span class='ocrx_word' id='word_1_171' title='bbox 357 2582 486 2666; x_wconf 82' lang='grc' dir='ltr'><strong>ταυτηνί</strong></span> <span class='ocrx_word' id='word_1_172' title='bbox 512 2583 584 2644; x_wconf 88' lang='grc' dir='ltr'><strong>κατ’</strong></span> <span class='ocrx_word' id='word_1_173' title='bbox 613 2574 723 2655; x_wconf 87' lang='grc' dir='ltr'><strong>αὐτόν,</strong></span> <span class='ocrx_word' id='word_1_174' title='bbox 759 2576 843 2644; x_wconf 79' lang='grc' dir='ltr'><strong>ἀλλὰ</strong></span> <span class='ocrx_word' id='word_1_175' title='bbox 870 2582 926 2644; x_wconf 87' lang='grc' dir='ltr'><strong>καί</strong></span> <span class='ocrx_word' id='word_1_176' title='bbox 949 2591 1017 2652; x_wconf 82' lang='grc' dir='ltr'><strong>ταις</strong></span> <span class='ocrx_word' id='word_1_177' title='bbox 1040 2576 1112 2666; x_wconf 85' lang='grc' dir='ltr'><strong>παρ’</strong></span> <span class='ocrx_word' id='word_1_178' title='bbox 1142 2579 1257 2668; x_wconf 77' lang='grc' dir='ltr'><strong>ἑαυτῆς</strong></span> <span class='ocrx_word' id='word_1_179' title='bbox 1280 2579 1471 2668; x_wconf 79' lang='grc' dir='ltr'><strong>είσηγησεσι</strong></span> <span class='ocrx_word' id='word_1_180' title='bbox 1492 2583 1541 2645; x_wconf 86' lang='grc' dir='ltr'><strong>τόν</strong></span> 
     </span>
     <span class='ocr_line' id='line_1_20' title="bbox 277 2699 1538 2791; baseline -0.003 -20"><span class='ocrx_word' id='word_1_181' title='bbox 277 2703 378 2790; x_wconf 79' lang='grc' dir='ltr'><strong>ἀνδρα</strong></span> <span class='ocrx_word' id='word_1_182' title='bbox 404 2705 509 2768; x_wconf 78' lang='grc' dir='ltr'><strong>δοκεῖν</strong></span> <span class='ocrx_word' id='word_1_183' title='bbox 537 2703 576 2768; x_wconf 88' lang='grc' dir='ltr'><strong>τά</strong></span> <span class='ocrx_word' id='word_1_184' title='bbox 603 2708 736 2788; x_wconf 84' lang='grc' dir='ltr'><strong>κρείττω</strong></span> <span class='ocrx_word' id='word_1_185' title='bbox 764 2706 824 2789; x_wconf 81' lang='grc' dir='ltr'><strong>πρὸ</strong></span> <span class='ocrx_word' id='word_1_186' title='bbox 855 2713 915 2768; x_wconf 81' lang='grc' dir='ltr'><strong>τόν</strong></span> <span class='ocrx_word' id='word_1_187' title='bbox 944 2701 1048 2768; x_wconf 77' lang='grc' dir='ltr'><strong>ἄλλων</strong></span> <span class='ocrx_word' id='word_1_188' title='bbox 1079 2702 1240 2790; x_wconf 82' lang='grc' dir='ltr'><strong>αἱρεῖσθαι</strong></span> <span class='ocrx_word' id='word_1_189' title='bbox 1266 2702 1324 2769; x_wconf 83' lang='grc' dir='ltr'><strong>καὶ</strong></span> <span class='ocrx_word' id='word_1_190' title='bbox 1351 2699 1538 2791; x_wconf 76' lang='grc' dir='ltr'><strong>ὑψηλότερα·</strong></span> 
     </span>
     <span class='ocr_line' id='line_1_21' title="bbox 278 2822 1538 2914; baseline -0.002 -21"><span class='ocrx_word' id='word_1_191' title='bbox 278 2827 427 2894; x_wconf 82' lang='grc' dir='ltr'><strong>ὐντεόθεν</strong></span> <span class='ocrx_word' id='word_1_192' title='bbox 452 2823 468 2891; x_wconf 91' lang='grc' dir='ltr'><strong>ό</strong></span> <span class='ocrx_word' id='word_1_193' title='bbox 493 2825 561 2910; x_wconf 82' lang='grc' dir='ltr'><strong>βίος</strong></span> <span class='ocrx_word' id='word_1_194' title='bbox 584 2822 691 2899; x_wconf 71' lang='grc' dir='ltr'><strong>αὐτοῖς</strong></span> <span class='ocrx_word' id='word_1_195' title='bbox 713 2829 959 2913; x_wconf 85' lang='grc' dir='ltr'><strong>κεκαθαρμίνος</strong></span> <span class='ocrx_word' id='word_1_196' title='bbox 982 2825 1258 2914; x_wconf 74' lang='grc' dir='ltr'><strong>ηκοθαιφόμενος</strong></span> <span class='ocrx_word' id='word_1_197' title='bbox 1281 2831 1398 2893; x_wconf 84' lang='grc' dir='ltr'><strong>καὶτὰ</strong></span> <span class='ocrx_word' id='word_1_198' title='bbox 1423 2825 1538 2893; x_wconf 75' lang='grc' dir='ltr'><strong>ἑαυτῶν</strong></span> 
     </span>
     <span class='ocr_line' id='line_1_22' title="bbox 276 2945 1538 3040; baseline -0.004 -22"><span class='ocrx_word' id='word_1_199' title='bbox 276 2949 341 3040; x_wconf 83' lang='grc' dir='ltr'><strong>οὐχ</strong></span> <span class='ocrx_word' id='word_1_200' title='bbox 368 2945 462 3038; x_wconf 71' lang='grc' dir='ltr'><strong>ἦττον</strong></span> <span class='ocrx_word' id='word_1_201' title='bbox 485 2954 625 3016; x_wconf 78' lang='grc' dir='ltr'><strong>καὶτῶν</strong></span> <span class='ocrx_word' id='word_1_202' title='bbox 653 2949 746 3026; x_wconf 71' lang='grc' dir='ltr'><strong>ξίνων</strong></span> <span class='ocrx_word' id='word_1_203' title='bbox 773 2949 852 3032; x_wconf 83' lang='grc' dir='ltr'><strong>ὐστί,</strong></span> <span class='ocrx_word' id='word_1_204' title='bbox 876 2953 933 3016; x_wconf 87' lang='grc' dir='ltr'><strong>καί</strong></span> <span class='ocrx_word' id='word_1_205' title='bbox 959 2951 1013 3016; x_wconf 82' lang='grc' dir='ltr'><strong>διὰ</strong></span> <span class='ocrx_word' id='word_1_206' title='bbox 1037 2961 1097 3016; x_wconf 78' lang='grc' dir='ltr'><strong>τῶν</strong></span> <span class='ocrx_word' id='word_1_207' title='bbox 1120 2955 1260 3039; x_wconf 77' lang='grc' dir='ltr'><strong>πενήτων</strong></span> <span class='ocrx_word' id='word_1_208' title='bbox 1289 2952 1417 3017; x_wconf 88' lang='grc' dir='ltr'><strong>διδόασι</strong></span> <span class='ocrx_word' id='word_1_209' title='bbox 1440 2955 1538 3017; x_wconf 88' lang='grc' dir='ltr'><strong>πάντα</strong></span> 
     </span>
     <span class='ocr_line' id='line_1_23' title="bbox 275 3073 1539 3167; baseline -0.002 -24"><span class='ocrx_word' id='word_1_210' title='bbox 275 3077 345 3163; x_wconf 76' lang='grc' dir='ltr'><strong>θεῷ</strong></span> <span class='ocrx_word' id='word_1_211' title='bbox 366 3082 423 3142; x_wconf 89' lang='grc' dir='ltr'><strong>καί</strong></span> <span class='ocrx_word' id='word_1_212' title='bbox 459 3080 552 3152; x_wconf 72' lang='grc' dir='ltr'><strong>ζῶσιν</strong></span> <span class='ocrx_word' id='word_1_213' title='bbox 576 3076 638 3167; x_wconf 89' lang='grc' dir='ltr'><strong>οὐχ</strong></span> <span class='ocrx_word' id='word_1_214' title='bbox 671 3079 794 3154; x_wconf 68' lang='grc' dir='ltr'><strong>ἑαυτοῖς</strong></span> <span class='ocrx_word' id='word_1_215' title='bbox 822 3082 931 3166; x_wconf 86' lang='grc' dir='ltr'><strong>μόνον,</strong></span> <span class='ocrx_word' id='word_1_216' title='bbox 967 3077 1034 3164; x_wconf 72' lang='grc' dir='ltr'><strong>θεῷ</strong></span> <span class='ocrx_word' id='word_1_217' title='bbox 1064 3079 1099 3143; x_wconf 70' lang='grc' dir='ltr'><strong>δὲ</strong></span> <span class='ocrx_word' id='word_1_218' title='bbox 1128 3082 1163 3144; x_wconf 91' lang='grc' dir='ltr'><strong>τδ</strong></span> <span class='ocrx_word' id='word_1_219' title='bbox 1197 3079 1342 3144; x_wconf 84' lang='grc' dir='ltr'><strong>πλείσταν</strong></span> <span class='ocrx_word' id='word_1_220' title='bbox 1377 3083 1474 3164; x_wconf 75' lang='grc' dir='ltr'><strong>μόρος</strong></span> <span class='ocrx_word' id='word_1_221' title='bbox 1501 3073 1539 3160; x_wconf 69' lang='grc' dir='ltr'><strong>τῷ</strong></span> 
     </span>
     <span class='ocr_line' id='line_1_24' title="bbox 274 3200 1538 3292; baseline -0.002 -26"><span class='ocrx_word' id='word_1_222' title='bbox 274 3203 496 3289; x_wconf 72' lang='grc' dir='ltr'><strong>καθαρῷτῶν</strong></span> <span class='ocrx_word' id='word_1_223' title='bbox 525 3203 739 3292; x_wconf 81' lang='grc' dir='ltr'><strong>φαιδροτέρων</strong></span> <span class='ocrx_word' id='word_1_224' title='bbox 762 3207 871 3290; x_wconf 77' lang='grc' dir='ltr'><strong>ψυχῶν</strong></span> <span class='ocrx_word' id='word_1_225' title='bbox 899 3200 1030 3289; x_wconf 79' lang='grc' dir='ltr'><strong>ὐροιστη·</strong></span> <span class='ocrx_word' id='word_1_226' title='bbox 1053 3207 1082 3266; x_wconf 90' lang='grc' dir='ltr'><strong>τί</strong></span> <span class='ocrx_word' id='word_1_227' title='bbox 1105 3203 1134 3266; x_wconf 87' lang='grc' dir='ltr'><strong>δ’</strong></span> <span class='ocrx_word' id='word_1_228' title='bbox 1157 3200 1194 3266; x_wconf 82' lang='grc' dir='ltr'><strong>ἀν</strong></span> <span class='ocrx_word' id='word_1_229' title='bbox 1222 3223 1269 3276; x_wconf 91' lang='grc' dir='ltr'><strong>τις</strong></span> <span class='ocrx_word' id='word_1_230' title='bbox 1292 3201 1382 3281; x_wconf 84' lang='grc' dir='ltr'><strong>λέγσι</strong></span> <span class='ocrx_word' id='word_1_231' title='bbox 1404 3203 1462 3288; x_wconf 80' lang='grc' dir='ltr'><strong>την</strong></span> <span class='ocrx_word' id='word_1_232' title='bbox 1486 3223 1538 3287; x_wconf 88' lang='grc' dir='ltr'><strong>με·</strong></span> 
     </span>
     <span class='ocr_line' id='line_1_25' title="bbox 272 3323 1583 3414; baseline 0 -26"><span class='ocrx_word' id='word_1_233' title='bbox 272 3327 411 3391; x_wconf 82' lang='grc' dir='ltr'><strong>τάθεσιν</strong></span> <span class='ocrx_word' id='word_1_234' title='bbox 440 3323 533 3414; x_wconf 84' lang='grc' dir='ltr'><strong>ὅλην,</strong></span> <span class='ocrx_word' id='word_1_235' title='bbox 561 3327 598 3414; x_wconf 73' lang='grc' dir='ltr'><strong>ἣν</strong></span> <span class='ocrx_word' id='word_1_236' title='bbox 622 3325 768 3392; x_wconf 75' lang='grc' dir='ltr'><strong>ὠδίνουσι</strong></span> <span class='ocrx_word' id='word_1_237' title='bbox 790 3329 869 3412; x_wconf 89' lang='grc' dir='ltr'><strong>πρός</strong></span> <span class='ocrx_word' id='word_1_238' title='bbox 896 3329 949 3391; x_wconf 83' lang='grc' dir='ltr'><strong>τόν</strong></span> <span class='ocrx_word' id='word_1_239' title='bbox 972 3327 1080 3411; x_wconf 88' lang='grc' dir='ltr'><strong>κόριον</strong></span> <span class='ocrx_word' id='word_1_240' title='bbox 1104 3323 1147 3399; x_wconf 79' lang='grc' dir='ltr'><strong>ὡς</strong></span> <span class='ocrx_word' id='word_1_241' title='bbox 1174 3323 1391 3412; x_wconf 80' lang='grc' dir='ltr'><strong>όδινησαντας</strong></span> <span class='ocrx_word' id='word_1_242' title='bbox 1413 3327 1537 3396; x_wconf 88' lang='grc' dir='ltr'><strong>τοότους</strong></span> <span class='ocrx_word' id='word_1_243' title='bbox 1582 3393 1583 3398; x_wconf 52' lang='grc'><strong>,</strong></span> 
     </span>
     <span class='ocr_line' id='line_1_26' title="bbox 274 3445 1538 3537; baseline 0 -25"><span class='ocrx_word' id='word_1_244' title='bbox 274 3451 333 3512; x_wconf 83' lang='grc' dir='ltr'><strong>καί</strong></span> <span class='ocrx_word' id='word_1_245' title='bbox 360 3461 460 3514; x_wconf 81' lang='grc' dir='ltr'><strong>τεκεῖν</strong></span> <span class='ocrx_word' id='word_1_246' title='bbox 487 3457 608 3537; x_wconf 77' lang='grc' dir='ltr'><strong>πνεῦμα</strong></span> <span class='ocrx_word' id='word_1_247' title='bbox 638 3454 804 3537; x_wconf 76' lang='grc' dir='ltr'><strong>σωτήριον,</strong></span> <span class='ocrx_word' id='word_1_248' title='bbox 834 3449 851 3514; x_wconf 89' lang='grc' dir='ltr'><strong>δ</strong></span> <span class='ocrx_word' id='word_1_249' title='bbox 879 3450 961 3535; x_wconf 80' lang='grc' dir='ltr'><strong>δῆτα</strong></span> <span class='ocrx_word' id='word_1_250' title='bbox 990 3453 1046 3514; x_wconf 89' lang='grc' dir='ltr'><strong>καί</strong></span> <span class='ocrx_word' id='word_1_251' title='bbox 1074 3445 1124 3514; x_wconf 80' lang='grc' dir='ltr'><strong>ὐιιί</strong></span> <span class='ocrx_word' id='word_1_252' title='bbox 1146 3457 1202 3536; x_wconf 78' lang='grc' dir='ltr'><strong>τῆς</strong></span> <span class='ocrx_word' id='word_1_253' title='bbox 1225 3457 1283 3535; x_wconf 87' lang='grc' dir='ltr'><strong>γῆς</strong></span> <span class='ocrx_word' id='word_1_254' title='bbox 1318 3453 1375 3534; x_wconf 78' lang='grc' dir='ltr'><strong>μὲν</strong></span> <span class='ocrx_word' id='word_1_255' title='bbox 1398 3446 1538 3534; x_wconf 75' lang='grc' dir='ltr'><strong>ἀποκυή-</strong></span> 
     </span>
     <span class='ocr_line' id='line_1_27' title="bbox 277 3569 1583 3664; baseline 0 -30"><span class='ocrx_word' id='word_1_256' title='bbox 277 3589 401 3650; x_wconf 88' lang='grc' dir='ltr'><strong>σουσιν,</strong></span> <span class='ocrx_word' id='word_1_257' title='bbox 438 3569 483 3646; x_wconf 83' lang='grc' dir='ltr'><strong>εὶς</strong></span> <span class='ocrx_word' id='word_1_258' title='bbox 505 3575 542 3638; x_wconf 78' lang='grc' dir='ltr'><strong>δὲ</strong></span> <span class='ocrx_word' id='word_1_259' title='bbox 566 3577 619 3638; x_wconf 87' lang='grc' dir='ltr'><strong>τόν</strong></span> <span class='ocrx_word' id='word_1_260' title='bbox 643 3569 775 3660; x_wconf 86' lang='grc' dir='ltr'><strong>οὐρανόν</strong></span> <span class='ocrx_word' id='word_1_261' title='bbox 803 3577 859 3639; x_wconf 86' lang='grc' dir='ltr'><strong>καί</strong></span> <span class='ocrx_word' id='word_1_262' title='bbox 882 3576 921 3638; x_wconf 83' lang='grc' dir='ltr'><strong>τὰ</strong></span> <span class='ocrx_word' id='word_1_263' title='bbox 945 3571 1115 3658; x_wconf 75' lang='grc' dir='ltr'><strong>ἐπουράνια</strong></span> <span class='ocrx_word' id='word_1_264' title='bbox 1137 3575 1191 3638; x_wconf 87' lang='grc' dir='ltr'><strong>τόν</strong></span> <span class='ocrx_word' id='word_1_265' title='bbox 1218 3576 1312 3638; x_wconf 91' lang='grc' dir='ltr'><strong>τόκον</strong></span> <span class='ocrx_word' id='word_1_266' title='bbox 1336 3571 1538 3660; x_wconf 83' lang='grc' dir='ltr'><strong>ἀποθησουσι</strong></span> <span class='ocrx_word' id='word_1_267' title='bbox 1582 3627 1583 3664; x_wconf 53' lang='lat'>3</span> 
     </span>
     <span class='ocr_line' id='line_1_28' title="bbox 276 3667 1583 3786; baseline 0 -27"><span class='ocrx_word' id='word_1_268' title='bbox 276 3697 332 3760; x_wconf 85' lang='grc' dir='ltr'><strong>καί</strong></span> <span class='ocrx_word' id='word_1_269' title='bbox 354 3699 579 3781; x_wconf 69' lang='grc' dir='ltr'><strong>προσάξουσιν,</strong></span> <span class='ocrx_word' id='word_1_270' title='bbox 608 3693 645 3762; x_wconf 82' lang='grc' dir='ltr'><strong>οὐ</strong></span> <span class='ocrx_word' id='word_1_271' title='bbox 673 3699 712 3786; x_wconf 82' lang='grc' dir='ltr'>δὴ</span> <span class='ocrx_word' id='word_1_272' title='bbox 736 3703 793 3763; x_wconf 86' lang='grc' dir='ltr'><strong>καί</strong></span> <span class='ocrx_word' id='word_1_273' title='bbox 814 3709 904 3765; x_wconf 82' lang='grc' dir='ltr'><strong>πᾶσα</strong></span> <span class='ocrx_word' id='word_1_274' title='bbox 933 3697 1124 3762; x_wconf 74' lang='grc' dir='ltr'><strong>συντελεῖται</strong></span> <span class='ocrx_word' id='word_1_275' title='bbox 1145 3697 1254 3782; x_wconf 76' lang='grc' dir='ltr'><strong>τράεις</strong></span> <span class='ocrx_word' id='word_1_276' title='bbox 1277 3700 1333 3761; x_wconf 86' lang='grc' dir='ltr'><strong>καί</strong></span> <span class='ocrx_word' id='word_1_277' title='bbox 1355 3691 1376 3784; x_wconf 81' lang='grc' dir='ltr'><strong>ἡ</strong></span> <span class='ocrx_word' id='word_1_278' title='bbox 1401 3707 1461 3761; x_wconf 82' lang='grc' dir='ltr'><strong>των</strong></span> <span class='ocrx_word' id='word_1_279' title='bbox 1483 3698 1535 3760; x_wconf 83' lang='grc' dir='ltr'><strong>τιό·</strong></span> <span class='ocrx_word' id='word_1_280' title='bbox 1582 3667 1583 3672; x_wconf 19' lang='lat'>¹</span> 
     </span>
     <span class='ocr_line' id='line_1_29' title="bbox 277 3817 1535 3910; baseline -0.002 -26"><span class='ocrx_word' id='word_1_281' title='bbox 277 3832 337 3884; x_wconf 78' lang='grc' dir='ltr'><strong>ναν</strong></span> <span class='ocrx_word' id='word_1_282' title='bbox 361 3817 520 3894; x_wconf 87' lang='grc' dir='ltr'><strong>ἀντίδοσις</strong></span> <span class='ocrx_word' id='word_1_283' title='bbox 544 3820 692 3909; x_wconf 80' lang='grc' dir='ltr'><strong>ἄρχεται,</strong></span> <span class='ocrx_word' id='word_1_284' title='bbox 721 3819 864 3910; x_wconf 81' lang='grc' dir='ltr'><strong>ὐρφανῶν</strong></span> <span class='ocrx_word' id='word_1_285' title='bbox 887 3825 1033 3906; x_wconf 81' lang='grc' dir='ltr'><strong>πατίρες,</strong></span> <span class='ocrx_word' id='word_1_286' title='bbox 1063 3829 1155 3885; x_wconf 79' lang='grc' dir='ltr'><strong>τοῦτο</strong></span> <span class='ocrx_word' id='word_1_287' title='bbox 1178 3820 1220 3907; x_wconf 81' lang='grc' dir='ltr'><strong>δη</strong></span> <span class='ocrx_word' id='word_1_288' title='bbox 1242 3822 1278 3884; x_wconf 86' lang='grc' dir='ltr'><strong>τό</strong></span> <span class='ocrx_word' id='word_1_289' title='bbox 1302 3829 1357 3885; x_wconf 85' lang='grc' dir='ltr'><strong>τοδ</strong></span> <span class='ocrx_word' id='word_1_290' title='bbox 1382 3824 1535 3906; x_wconf 84' lang='grc' dir='ltr'><strong>μακαρίου</strong></span> 
     </span>
     <span class='ocr_line' id='line_1_30' title="bbox 275 3939 1534 4032; baseline 0 -24"><span class='ocrx_word' id='word_1_291' title='bbox 275 3941 345 4027; x_wconf 78' lang='grc' dir='ltr'><strong>Ἶόβ</strong></span> <span class='ocrx_word' id='word_1_292' title='bbox 370 3941 498 4010; x_wconf 79' lang='grc' dir='ltr'><strong>ἄκοόειν</strong></span> <span class='ocrx_word' id='word_1_293' title='bbox 522 3945 682 4011; x_wconf 78' lang='grc' dir='ltr'><strong>δθόλουσι·</strong></span> <span class='ocrx_word' id='word_1_294' title='bbox 710 3951 766 4010; x_wconf 85' lang='grc' dir='ltr'><strong>καί</strong></span> <span class='ocrx_word' id='word_1_295' title='bbox 790 3945 906 4032; x_wconf 74' lang='grc' dir='ltr'><strong>χωλοῖς</strong></span> <span class='ocrx_word' id='word_1_296' title='bbox 930 3944 1009 4010; x_wconf 86' lang='grc' dir='ltr'><strong>εἶναι</strong></span> <span class='ocrx_word' id='word_1_297' title='bbox 1031 3945 1127 4018; x_wconf 84' lang='grc' dir='ltr'><strong>πόδες</strong></span> <span class='ocrx_word' id='word_1_298' title='bbox 1150 3951 1207 4009; x_wconf 87' lang='grc' dir='ltr'><strong>καί</strong></span> <span class='ocrx_word' id='word_1_299' title='bbox 1229 3939 1448 4030; x_wconf 82' lang='grc' dir='ltr'><strong>προΐστασθαι</strong></span> <span class='ocrx_word' id='word_1_300' title='bbox 1474 3963 1534 4029; x_wconf 87' lang='grc' dir='ltr'><strong>χη·</strong></span> 
     </span>
     <span class='ocr_line' id='line_1_31' title="bbox 276 4066 1533 4154; baseline -0.004 -23"><span class='ocrx_word' id='word_1_301' title='bbox 276 4077 338 4152; x_wconf 77' lang='grc' dir='ltr'><strong>ρων</strong></span> <span class='ocrx_word' id='word_1_302' title='bbox 372 4071 429 4132; x_wconf 85' lang='grc' dir='ltr'><strong>καί</strong></span> <span class='ocrx_word' id='word_1_303' title='bbox 455 4077 533 4134; x_wconf 84' lang='grc' dir='ltr'><strong>πάσι</strong></span> <span class='ocrx_word' id='word_1_304' title='bbox 567 4081 631 4144; x_wconf 78' lang='grc' dir='ltr'><strong>τοῖς</strong></span> <span class='ocrx_word' id='word_1_305' title='bbox 665 4067 697 4134; x_wconf 82' lang='grc' dir='ltr'><strong>ὐν</strong></span> <span class='ocrx_word' id='word_1_306' title='bbox 733 4067 889 4149; x_wconf 81' lang='grc' dir='ltr'><strong>ἀνάγκαις</strong></span> <span class='ocrx_word' id='word_1_307' title='bbox 922 4072 1015 4134; x_wconf 89' lang='grc' dir='ltr'><strong>παντί</strong></span> <span class='ocrx_word' id='word_1_308' title='bbox 1048 4071 1152 4154; x_wconf 84' lang='grc' dir='ltr'><strong>τρόπῳ</strong></span> <span class='ocrx_word' id='word_1_309' title='bbox 1187 4067 1456 4152; x_wconf 79' lang='grc' dir='ltr'><strong>καταβάλλεσθαι</strong></span> <span class='ocrx_word' id='word_1_310' title='bbox 1483 4066 1533 4151; x_wconf 76' lang='grc' dir='ltr'><strong>την</strong></span> 
     </span>
     <span class='ocr_line' id='line_1_32' title="bbox 276 4163 1583 4280; baseline -0.004 -25"><span class='ocrx_word' id='word_1_311' title='bbox 276 4191 432 4277; x_wconf 71' lang='grc' dir='ltr'><strong>βοήθειαν</strong></span> <span class='ocrx_word' id='word_1_312' title='bbox 449 4188 607 4279; x_wconf 80' lang='grc' dir='ltr'><strong>όσημίραι</strong></span> <span class='ocrx_word' id='word_1_313' title='bbox 631 4193 813 4269; x_wconf 89' lang='grc' dir='ltr'><strong>σιτεόδουσι,</strong></span> <span class='ocrx_word' id='word_1_314' title='bbox 830 4196 885 4257; x_wconf 90' lang='grc' dir='ltr'><strong>καί</strong></span> <span class='ocrx_word' id='word_1_315' title='bbox 907 4187 928 4280; x_wconf 75' lang='grc' dir='ltr'><strong>η</strong></span> <span class='ocrx_word' id='word_1_316' title='bbox 952 4191 1039 4277; x_wconf 89' lang='grc' dir='ltr'><strong>θόρα</strong></span> <span class='ocrx_word' id='word_1_317' title='bbox 1062 4193 1185 4266; x_wconf 80' lang='grc' dir='ltr'><strong>τούτοις</strong></span> <span class='ocrx_word' id='word_1_318' title='bbox 1207 4197 1279 4258; x_wconf 85' lang='grc' dir='ltr'><strong>κατ’</strong></span> <span class='ocrx_word' id='word_1_319' title='bbox 1304 4185 1400 4256; x_wconf 85' lang='grc' dir='ltr'><strong>αὐτόν</strong></span> <span class='ocrx_word' id='word_1_320' title='bbox 1424 4211 1459 4271; x_wconf 88' lang='grc' dir='ltr'><strong>γε</strong></span> <span class='ocrx_word' id='word_1_321' title='bbox 1482 4191 1533 4254; x_wconf 89' lang='grc' dir='ltr'><strong>καί</strong></span> <span class='ocrx_word' id='word_1_322' title='bbox 1582 4163 1583 4174; x_wconf 29' lang='lat'>¹</span> 
     </span>
     <span class='ocr_line' id='line_1_33' title="bbox 277 4310 1533 4403; baseline -0.003 -25"><span class='ocrx_word' id='word_1_323' title='bbox 277 4310 374 4389; x_wconf 84' lang='grc' dir='ltr'><strong>αὐθις</strong></span> <span class='ocrx_word' id='word_1_324' title='bbox 408 4318 506 4403; x_wconf 89' lang='grc' dir='ltr'><strong>φάναι</strong></span> <span class='ocrx_word' id='word_1_325' title='bbox 533 4319 586 4380; x_wconf 84' lang='grc' dir='ltr'><strong>τόν</strong></span> <span class='ocrx_word' id='word_1_326' title='bbox 621 4327 763 4398; x_wconf 78' lang='grc' dir='ltr'><strong>γενναῖον</strong></span> <span class='ocrx_word' id='word_1_327' title='bbox 797 4315 865 4400; x_wconf 80' lang='grc' dir='ltr'><strong>Ἰὼβ</strong></span> <span class='ocrx_word' id='word_1_328' title='bbox 893 4320 985 4381; x_wconf 89' lang='grc' dir='ltr'><strong>παντί</strong></span> <span class='ocrx_word' id='word_1_329' title='bbox 1017 4319 1160 4403; x_wconf 85' lang='grc' dir='ltr'><strong>παριόντι</strong></span> <span class='ocrx_word' id='word_1_330' title='bbox 1196 4313 1363 4382; x_wconf 81' lang='grc' dir='ltr'><strong>ἀνεωκται.</strong></span> <span class='ocrx_word' id='word_1_331' title='bbox 1398 4319 1454 4380; x_wconf 86' lang='grc' dir='ltr'><strong>καί</strong></span> <span class='ocrx_word' id='word_1_332' title='bbox 1486 4321 1533 4376; x_wconf 90' lang='grc' dir='ltr'><strong>νόν</strong></span> 
     </span>
     <span class='ocr_line' id='line_1_34' title="bbox 276 4425 1533 4527; baseline 0.002 -25"><span class='ocrx_word' id='word_1_333' title='bbox 276 4445 370 4504; x_wconf 75' lang='grc' dir='ltr'><strong>τοῦτο</strong></span> <span class='ocrx_word' id='word_1_334' title='bbox 398 4438 439 4524; x_wconf 77' lang='grc' dir='ltr'><strong>δὴ</strong></span> <span class='ocrx_word' id='word_1_335' title='bbox 463 4425 523 4504; x_wconf 81' lang='grc' dir='ltr'><strong>τόν</strong></span> <span class='ocrx_word' id='word_1_336' title='bbox 547 4439 654 4505; x_wconf 80' lang='grc' dir='ltr'><strong>καλῶν</strong></span> <span class='ocrx_word' id='word_1_337' title='bbox 679 4435 907 4527; x_wconf 69' lang='grc' dir='ltr'><strong>ἐξευρίσκουσι,</strong></span> <span class='ocrx_word' id='word_1_338' title='bbox 936 4447 988 4505; x_wconf 81' lang='grc' dir='ltr'><strong>νῦν</strong></span> <span class='ocrx_word' id='word_1_339' title='bbox 1016 4439 1052 4504; x_wconf 77' lang='grc' dir='ltr'><strong>δὲ</strong></span> <span class='ocrx_word' id='word_1_340' title='bbox 1078 4440 1211 4527; x_wconf 74' lang='grc' dir='ltr'><strong>ζηλοῦσι</strong></span> <span class='ocrx_word' id='word_1_341' title='bbox 1238 4448 1340 4517; x_wconf 82' lang='grc' dir='ltr'><strong>τουτο,</strong></span> <span class='ocrx_word' id='word_1_342' title='bbox 1365 4441 1421 4504; x_wconf 83' lang='grc' dir='ltr'><strong>καί</strong></span> <span class='ocrx_word' id='word_1_343' title='bbox 1442 4435 1459 4504; x_wconf 88' lang='grc' dir='ltr'><strong>ό</strong></span> <span class='ocrx_word' id='word_1_344' title='bbox 1483 4441 1533 4522; x_wconf 75' lang='grc' dir='ltr'><strong>ζῆ·</strong></span> 
     </span>
     <span class='ocr_line' id='line_1_35' title="bbox 277 4551 1533 4650; baseline -0.002 -26"><span class='ocrx_word' id='word_1_345' title='bbox 277 4561 334 4635; x_wconf 78' lang='grc' dir='ltr'><strong>λος</strong></span> <span class='ocrx_word' id='word_1_346' title='bbox 362 4551 455 4642; x_wconf 80' lang='grc' dir='ltr'><strong>ὐγγύς</strong></span> <span class='ocrx_word' id='word_1_347' title='bbox 488 4567 544 4627; x_wconf 86' lang='grc' dir='ltr'><strong>καί</strong></span> <span class='ocrx_word' id='word_1_348' title='bbox 573 4565 608 4628; x_wconf 85' lang='grc' dir='ltr'><strong>τό</strong></span> <span class='ocrx_word' id='word_1_349' title='bbox 635 4564 840 4648; x_wconf 84' lang='grc' dir='ltr'><strong>παράδειγμα</strong></span> <span class='ocrx_word' id='word_1_350' title='bbox 875 4559 937 4649; x_wconf 87' lang='grc' dir='ltr'><strong>οὐχ</strong></span> <span class='ocrx_word' id='word_1_351' title='bbox 961 4560 1133 4648; x_wconf 68' lang='grc' dir='ltr'><strong>ἑτέρωθεν,</strong></span> <span class='ocrx_word' id='word_1_352' title='bbox 1163 4559 1233 4628; x_wconf 85' lang='grc' dir='ltr'><strong>ἀλλ’</strong></span> <span class='ocrx_word' id='word_1_353' title='bbox 1261 4559 1313 4650; x_wconf 86' lang='grc' dir='ltr'><strong>ἀφ’</strong></span> <span class='ocrx_word' id='word_1_354' title='bbox 1338 4560 1456 4627; x_wconf 77' lang='grc' dir='ltr'><strong>ἑαυτόν</strong></span> <span class='ocrx_word' id='word_1_355' title='bbox 1483 4561 1533 4624; x_wconf 78' lang='grc' dir='ltr'><strong>καὶ</strong></span> 
     </span>
     <span class='ocr_line' id='line_1_36' title="bbox 278 4681 1583 4774; baseline -0.002 -28"><span class='ocrx_word' id='word_1_356' title='bbox 278 4681 341 4768; x_wconf 81' lang='grc' dir='ltr'><strong>ότη</strong></span> <span class='ocrx_word' id='word_1_357' title='bbox 375 4686 431 4770; x_wconf 79' lang='grc' dir='ltr'><strong>την</strong></span> <span class='ocrx_word' id='word_1_358' title='bbox 468 4687 573 4772; x_wconf 79' lang='grc' dir='ltr'><strong>πηγὴν</strong></span> <span class='ocrx_word' id='word_1_359' title='bbox 608 4687 687 4772; x_wconf 69' lang='grc' dir='ltr'><strong>ἔρως</strong></span> <span class='ocrx_word' id='word_1_360' title='bbox 720 4683 796 4751; x_wconf 74' lang='grc' dir='ltr'><strong>ίδιῖν</strong></span> <span class='ocrx_word' id='word_1_361' title='bbox 834 4689 954 4766; x_wconf 79' lang='grc' dir='ltr'><strong>θιγετιυ</strong></span> <span class='ocrx_word' id='word_1_362' title='bbox 994 4695 1048 4752; x_wconf 81' lang='grc' dir='ltr'><strong>τοῦ</strong></span> <span class='ocrx_word' id='word_1_363' title='bbox 1087 4689 1229 4772; x_wconf 86' lang='grc' dir='ltr'><strong>νάματος</strong></span> <span class='ocrx_word' id='word_1_364' title='bbox 1265 4691 1323 4752; x_wconf 91' lang='grc' dir='ltr'><strong>καί</strong></span> <span class='ocrx_word' id='word_1_365' title='bbox 1363 4685 1447 4771; x_wconf 78' lang='grc' dir='ltr'><strong>είιτερ</strong></span> <span class='ocrx_word' id='word_1_366' title='bbox 1479 4684 1530 4746; x_wconf 88' lang='grc' dir='ltr'><strong>τινί</strong></span> <span class='ocrx_word' id='word_1_367' title='bbox 1582 4763 1583 4774; x_wconf 15' lang='lat'>¹</span> 
     </span>
    </p>
   </div>
   <div class='ocr_carea' id='block_1_5' title="bbox 0 0 1590 5274">
    <p class='ocr_par' dir='ltr' id='par_1_5' title="bbox 0 0 1590 5274">
     <span class='ocr_line' id='line_1_37' title="bbox 0 0 1590 5274; baseline 0 0"><span class='ocrx_word' id='word_1_368' title='bbox 0 0 1590 5274; x_wconf 95' lang='lat' dir='ltr'><strong> </strong></span> 
     </span>
    </p>
   </div>
  </div>
 </body>
</html>
