3228 5296
261 269 301 336 18

257 461 412 548 δουκικής
436 467 491 527 καὶ
515 447 729 548 κατεπανικῆς
754 461 878 548 χρείας,
907 459 1083 538 ἐξελάσεως
1112 457 1260 545 πλωΐμων
1288 464 1344 524 καὶ
1372 461 1534 544 κονταρά-

259 608 333 662 των,
364 585 565 672 ἀπαιτήσεως
590 587 772 664 συνδοσιιῦν,
802 586 922 658 δύσεως
944 586 1125 670 προβάτων,
1150 582 1325 660 ἐξελάσεως
1346 589 1535 668 ίευγοαμα-

259 713 345 786 Ειῦν,
381 709 583 796 ἀπαιτήσεως
616 708 858 796 ἀρμενοπάννων
890 713 947 773 καί
975 709 1171 784 καζακάδων
1203 712 1259 772 καί
1290 711 1396 794 πάσης
1428 705 1535 792 ἄλλης

260 833 462 922 οἱασδήτινος
487 831 645 919 ἐπηρείας.
675 831 826 908 ὡσαύτως
849 833 1027 921 δεφενδεύει
1054 829 1073 918 ἡ
1098 835 1228 918 τοιαύτη
1254 833 1332 918 μονή
1357 832 1410 896 διὰ
1435 833 1535 914 βασι-

259 961 351 1025 λικοῦ
374 967 595 1048 προσκυνητοῦ
617 955 749 1044 δρισμοῦ
774 961 830 1022 καὶ
853 958 1093 1043 χρυσοβούλλοο
1120 962 1177 1022 καί
1205 960 1240 1022 τύ
1265 959 1407 1042 βιβάριον
1431 954 1535 1040 αὐτῆς

227 1051 229 1056 ¹
258 1080 321 1146 ἀπύ
339 1105 372 1146 τε
389 1091 445 1146 τοῦ
462 1083 709 1166 βιβαρσπάκτου,
733 1087 1009 1168 προσκυνητικίοο,
1027 1079 1173 1167 ὀψωνίαν,
1191 1080 1366 1156 ἐξελάσεως
1381 1077 1535 1164 πλοΐμων

260 1209 316 1280 καί
344 1207 461 1270 λοιπῶν
487 1205 600 1291 ἑτέρων
630 1209 807 1292 συνηδειῦιν
836 1217 897 1270 τῶν
922 1205 1056 1292 ἐτησίως
1080 1205 1142 1270 ἀπὸ
1175 1215 1234 1270 τιῦν
1259 1207 1406 1290 βιβαρίων
1432 1202 1536 1268 ἀπαι-

259 1334 428 1415 τουμένων.
460 1337 516 1414 τῆς
539 1331 688 1414 τοιαύτης
717 1326 771 1394 ούν
801 1328 961 1417 ἐγγράφου
986 1327 1281 1401 ἀποκαταστάσεως
1310 1333 1367 1393 καί
1390 1329 1538 1413 πράξεως

259 1449 331 1537 παρ’
359 1448 447 1538 ήμιῦν
476 1457 643 1534 γεγονυίας
679 1462 734 1538 τῆς
769 1457 825 1518 καὶ
862 1451 967 1538 ἀρκεῖν
1003 1451 1193 1541 ὀφειλούσης
1222 1463 1260 1538 τη
1289 1454 1419 1536 τοιαύτη
1447 1462 1536 1536 μονή

261 1574 329 1644 ἀντί
354 1586 531 1661 πρακτικοῦ
562 1580 619 1640 καί
645 1579 790 1662 περιύρου
814 1577 867 1640 διά
890 1586 946 1663 τῆς
974 1579 1135 1663 συνήθους
1163 1572 1315 1662 ύμετέμας
1346 1571 1538 1662 ἀπογραφῆς

260 1705 317 1769 καί
347 1700 540 1788 μολυβδίνης
569 1701 706 1786 βούλλης
745 1697 1028 1788 ύποσημηνάμενοι
1062 1699 1204 1786 ἐπεδόθη
1240 1711 1278 1786 τῇ
1310 1700 1538 1786 διαληφδείση

262 1835 343 1910 μονῇ
372 1833 431 1888 τῦν
458 1822 590 1910 Λέμβου
615 1823 659 1896 είς
684 1821 862 1910 ἀσφάλειαν
888 1829 994 1910 μηνὶ
1023 1823 1197 1910 μαρτίιρ
1225 1823 1539 1896 ἰνδικτιῦινος

261 1947 450 2034 ν’ἔτννε
486 1947 664 2034 §IIII-

265 2123 286 2142 .,
349 2071 509 2158 ήΕἶχε
543 2075 620 2136 καί
657 2068 938 2159 ἀπογραφὴν·
973 2077 993 2152 †
1031 2069 1067 2137 ‘0
1105 2072 1275 2146 δοῦλος
1313 2075 1391 2136 καί
1433 2073 1540 2152 σύγ-

261 2197 470 2282 γαμβρος
499 2203 575 2260 τοῦ
610 2203 842 2280 κραταιοῦ
870 2200 948 2259 καί
975 2194 1111 2276 ἁγίου
1138 2193 1259 2288 ήμῶν
1295 2192 1538 2262 αύύὲντου

260 2323 340 2388 καί
373 2321 607 2403 βασιλέως
642 2322 720 2382 καί
755 2320 1182 2406 στρατοπεδάρχης
1217 2327 1294 2385 τοῦ
1323 2321 1540 2404 δέματος

261 2455 343 2517 τῶν
380 2444 658 2530 Θρακησίων
687 2445 765 2507 καὶ
798 2443 1156 2530 Φιλαδελφείας
1183 2442 1373 2530 Μιχαὴλ
1400 2439 1417 2507 δ
1446 2442 1539 2508 Φω-

260 2577 344 2638 κάς
367 2571 395 2646 †.

532 2865 583 2934 III.
601 2865 830 2950 6743-1235,
849 2886 954 2932 mense
970 2865 1070 2947 iunio,
1089 2863 1153 2931 ind.
1171 2865 1251 2933 VIII.

308 3013 407 3070 Aurea
424 3016 504 3069 διιίία
520 3018 586 3087 Imp.
607 3015 729 3070 Ioannis
745 3015 846 3070 Dusae
868 3015 1006 3070 ἵστανται
1022 3015 1055 3069 de
1068 3015 1297 3088 possessionibus
1312 3017 1488 3072 manasserii.

350 3185 430 3266 †‘H
453 3180 498 3258 είς
521 3187 557 3250 τά
581 3189 666 3250 κατὰ
690 3187 744 3272 τήν
769 3184 910 3271 Σμύρνην
936 3181 1009 3271 ύρος
1032 3188 1068 3250 τύ
1092 3183 1315 3270 ἐπιλεγόμενον
1340 3188 1379 3250 τὰ
1401 3183 1541 3269 Λίμβοο

263 3311 343 3396 μονή
373 3305 431 3377 ύπύ
460 3309 580 3377 πολλοῦ
604 3317 659 3374 τοῦ
683 3313 799 3396 χρύνου
822 3321 1017 3394 πεπονηκυῖά
1046 3307 1090 3382 είς
1118 3317 1209 3374 τοῦτο
1237 3312 1435 3396 κατήντησεν
1465 3309 1540 3374 ἐπι-

259 3434 369 3520 τριβής
391 3456 424 3500 τε
449 3437 504 3500 καί
528 3433 750 3519 ἀραντιύσεως,
776 3431 819 3504 ὡς
836 3433 917 3518 μηδὲ
942 3433 1033 3518 ψιλύν
1054 3430 1156 3519 ὄνομα
1179 3436 1215 3500 τύ
1238 3438 1314 3500 ποτὲ
1340 3435 1437 3520 μονήν
1454 3432 1541 3498 εἶναι

264 3553 363 3642 αὐτήν
385 3559 632 3641 περισύίεσδαι,
657 3555 741 3622 ἀλλὰ
764 3560 859 3641 μόνον
877 3551 1094 3642 εύσημοτὲραν
1118 3555 1198 3622 εἶναι
1221 3568 1281 3624 τῶν
1304 3559 1409 3624 ἐκεῖσε
1433 3561 1538 3644 δρυῶν

261 3678 407 3767 ήλίδιυν
430 3677 451 3766 ἢ
475 3683 559 3752 τινὸς
583 3678 684 3765 ἄλλης
709 3677 933 3766 ἐπισημασίας,
959 3677 1033 3744 ὅσαι
1056 3683 1158 3746 τύπων
1188 3681 1430 3770 ἐνσημαίνουσιν
1452 3681 1540 3748 ἐδεύ-

261 3823 373 3892 τητας·
409 3801 533 3888 ὁὶερύς
560 3807 616 3868 καί
644 3807 705 3887 γάρ
734 3801 870 3876 ἐσώζετο
907 3807 1008 3890 σηκὸς
1037 3807 1148 3889 μόνος,
1183 3811 1241 3874 καί
1268 3802 1362 3878 ούτος
1389 3807 1469 3870 πολύ
1498 3809 1538 3872 τδ

260 3925 404 4014 ἐξίτηλον
427 3931 484 3992 καί
509 3926 647 4011 ἀμυδρὸν
664 3926 920 4012 δεδυστυχηκύς.
946 3925 1017 3990 ἀλλ’
1041 3925 1080 4013 ήν
1104 3927 1260 4014 ἐτέρωύεν
1285 3927 1302 3994 ὁ
1324 3940 1429 4016 χῶρος
1453 3927 1539 3996 ύπο-

260 4052 366 4120 λαλῶν
401 4055 496 4136 μυρία
525 4055 564 4116 τὰ
593 4047 630 4114 ἐκ
658 4058 714 4136 τῆς
741 4046 879 4136 ἡσυχίας
908 4046 1002 4114 αὐτὸν
1031 4052 1283 4139 πετλουτηκέναι
1313 4055 1416 4132 καλὰ,
1444 4053 1484 4118 δι’
1513 4055 1538 4121 οἳ

259 4179 316 4244 καί
343 4177 398 4261 τήν
428 4176 525 4260 μονήν
554 4183 707 4260 συστῆναι
734 4176 774 4237 τὰ
800 4182 908 4258 πρῶτα
932 4183 972 4260 τη
1002 4175 1151 4260 βασιλεία
1176 4197 1236 4262 μου
1262 4176 1362 4252 ἔδοξε.
1387 4177 1428 4244 δι’
1451 4176 1536 4244 αύτά

260 4299 297 4368 δὲ
319 4302 376 4370 καί
399 4295 496 4372 αὖθις
514 4294 550 4361 ού
574 4307 702 4384 φωναῖς,
726 4295 809 4360 ἀλλὰ
831 4299 1014 4382 πράγμασιν
1031 4294 1137 4371 αὐτοῖς
1154 4298 1297 4368 ἀπλύτων
1321 4313 1429 4388 φωνῦν
1453 4303 1536 4388 δρα-

259 4427 461 4508 στεκωτέρσις
477 4422 655 4507 πμρεκάλει
669 4421 725 4506 τήν
741 4427 956 4505 καινουργίαν,
981 4423 1029 4488 διδ
1053 4427 1109 4488 καί
1132 4419 1153 4510 ἡ
1178 4425 1327 4517 βασιλεία
1344 4449 1403 4512 μου
1426 4433 1536 4514 περιί-

257 4543 496 4632 στησιναύτὴν
520 4547 565 4622 είς
589 4549 624 4610 τά
648 4553 701 4612 νῦν
724 4543 883 4630 δρώμενον
908 4545 1008 4625 εἶδος,
1034 4547 1067 4616 ἐν
1092 4571 1126 4614 τε
1149 4561 1189 4635 τη
1212 4561 1268 4616 τοῦ
1292 4560 1369 4616 ναοῦ
1393 4551 1537 4637 φιλοκα-

256 4671 325 4752 λίη,
356 4681 395 4755 τη
424 4673 621 4738 καταστάσει
650 4679 709 4734 νῦν
737 4669 881 4748 κελλίων,
911 4667 957 4744 οἷς
985 4693 1019 4736 τε
1046 4671 1091 4745 είς
1119 4676 1304 4760 καταμονήν
1339 4685 1478 4761 χρῶνται
1505 4701 1536 4770 ομ
