3168 5274
295 247 361 310 304

383 437 419 502 ‘H
444 440 611 523 μετριότης
642 434 729 524 ἡμῶν
759 434 878 522 ἀνδρῶν
907 435 1076 520 αἰθεσίμων
1106 433 1245 521 αἰτήσεις
1269 438 1383 520 τάχιον
1411 432 1430 522 ἢ
1462 435 1556 512 λόγος

294 571 499 628 κατανυούσα
533 565 688 648 περαίνειν
724 565 777 646 (τη
813 563 873 645 γὰρ
901 570 959 625 τῶν
995 559 1163 624 αἰτούντων
1192 557 1410 644 αἰδεσιμότητι
1438 561 1495 622 καὶ
1526 561 1556 620 τό

295 697 354 750 των
395 686 577 772 αἰτημάτων
614 685 755 760 δίκαιον,
794 681 898 768 ὥσπερ
937 684 1009 749 κατ’
1048 681 1192 770 ἀνάγκην
1232 681 1314 748 ἐστίν
1355 680 1556 768 έφεπύμενον,

296 809 362 874 ἐπεὶ
395 809 555 896 θεοφιλῶς
591 805 620 871 οί
648 807 810 894 θεοφιλεῖς
841 810 897 872 καί
925 810 1125 872 διανοοῦνται
1159 810 1215 872 καί
1241 807 1372 886 λέγουσι
1405 810 1464 870 καί
1493 805 1557 870 ἐπι-

295 941 439 1020 χειροῦσι
467 936 522 997 καί
554 935 739 1018 πράττουσι)
762 935 941 1017 προσέσχεν
971 929 1203 1016 έτυιμοπειθῶς
1239 928 1310 1015 ἄρτι
1344 934 1401 994 καί
1435 941 1476 1017 τη
1512 929 1557 994 αἰ-

295 1059 385 1142 τήσει
410 1065 465 1120 τού
495 1054 684 1142 τιμιωτάτου
706 1057 956 1141 καθηγουμένου
981 1064 1037 1140 τῆς
1061 1058 1146 1119 κατὰ
1170 1057 1205 1118 τό
1229 1051 1356 1139 Λάτρον
1381 1056 1557 1140 σεβασμίας

297 1188 396 1266 μονῆς
417 1187 473 1243 τού
499 1177 592 1259 ἁγίου
612 1176 743 1244 Παύλου
766 1183 822 1243 καὶ
846 1187 901 1265 της
926 1189 984 1242 τῶν
1002 1177 1193 1266 Ῥυυφιανῶν
1217 1188 1325 1264 μονῆς,
1350 1188 1409 1264 κύρ
1434 1178 1555 1263 Γερμα-

292 1313 359 1368 νού.
386 1299 478 1377 ούτος
501 1306 634 1388 καὶγὰρ
658 1303 814 1387 λαμβάνει
831 1305 886 1387 μίν
910 1306 966 1366 καί
990 1299 1052 1366 αἰπύ
1077 1311 1132 1388 τῆς
1156 1303 1326 1386 βασιλικῆς
1351 1305 1462 1388 χειρός
1481 1319 1554 1366 ’συν-

294 1431 403 1513 εργίαν
442 1425 490 1492 ἰπί
525 1438 563 1514 τη
603 1425 766 1510 βελτιώσει
799 1429 856 1489 καί
885 1436 1032 1512 προκοπῇ
1068 1434 1123 1512 τῆς
1162 1423 1330 1511 εἰρημένης
1366 1435 1467 1511 μονῆς
1502 1437 1554 1488 των

292 1549 495 1639 Ῥυυφιανιύν,
520 1551 651 1615 αἰτεῖται
674 1550 709 1613 δὲ
733 1553 789 1613 καί
805 1551 892 1632 παρὰ
915 1557 971 1636 τῆς
994 1546 1082 1636 ἡμῶν
1106 1553 1310 1636 μετριότητος
1333 1551 1389 1636 την
1405 1554 1491 1614 κατὰ
1514 1555 1547 1613 τὰ

293 1673 483 1740 Πυλοπύθια
503 1675 706 1760 διακειμένην
732 1674 830 1759 μονὴν
854 1673 909 1758 τὴν
934 1671 1097 1757 Ζιγρίτζαν
1122 1671 1419 1760 ἐπονομαζομένην,
1445 1673 1483 1760 ἢν
1505 1679 1552 1737 καί

295 1793 392 1884 αύτὴν
417 1796 537 1883 ὁρισμῷ
562 1796 665 1884 σεπτιβ
687 1805 742 1862 τού
767 1802 937 1882 κρατίστου
965 1799 1021 1860 καί
1045 1793 1137 1876 άγίου
1162 1819 1223 1882 μου
1252 1792 1492 1882 αὐτοκράτορος
1515 1795 1551 1866 εὶς

293 1925 329 1986 τό
359 1932 397 2008 τη
420 1931 479 1986 τῶν
503 1919 695 2009 Ῥουφιανιύν
723 1916 916 1986 ὑποκεῖσθαι
944 1931 1025 2007 μονῇ
1052 1919 1161 1994 καλῶς
1191 1917 1408 2010 ἠσφαλίσατο,
1431 1927 1487 1985 καί
1509 1919 1552 1984 αἰ-

293 2055 391 2110 τεῖται
421 2041 528 2131 αύτὴν,
563 2037 691 2117 ἵναέἰς
719 2047 868 2130 μετύχιυν
904 2040 985 2130 αύτη
1014 2053 1069 2132 τῆς
1104 2053 1163 2108 τῶν
1192 2042 1384 2133 Ῥουφιανοῖν
1421 2046 1550 2130 ταχθείη

292 2179 401 2255 μονῆς,
431 2173 487 2232 καί
509 2167 717 2242 αἰωνιζόντως
745 2165 793 2232 ὑπ’
819 2165 915 2254 αύτὴν
940 2174 1029 2254 μένη.
1059 2165 1108 2232 ότι
1132 2165 1251 2255 γούνὴ
1281 2172 1450 2254 μετριότης
1473 2166 1550 2253 ἡμων

291 2294 344 2356 διὰ
373 2295 408 2356 τό
438 2289 607 2378 έχεπειθές
642 2295 803 2378 προσέσχε
832 2293 874 2379 τῴ
908 2292 1083 2379 αἰτουμένῳ
1118 2297 1174 2358 καί
1208 2294 1262 2357 διὰ
1290 2295 1346 2380 τὴν
1376 2302 1549 2378 προσούσαν

294 2420 351 2501 μέν
379 2417 478 2502 τούτῳ
513 2413 742 2502 αἰδεσιμότητα
769 2420 825 2480 καί
852 2417 905 2480 διὰ
934 2419 987 2481 τόν
1016 2419 1130 2482 σεπτὸν
1156 2389 1194 2480 {a
1222 2426 1277 2482 τού
1305 2423 1476 2503 κρατίστου
1501 2421 1548 2480 καί

293 2536 387 2618 ἁγίου
411 2562 471 2625 μου
495 2537 731 2625 αύτοκράτσρος
756 2536 885 2626 ύρισμύν
909 2543 962 2604 τόν
986 2549 1086 2605 ταύτα
1110 2538 1307 2606 εύδοκούντα
1330 2539 1387 2606 καί
1416 2544 1546 2628 διοριζό-

294 2683 388 2750 μενον
423 2664 513 2730 ἔσται
547 2667 582 2728 τό
611 2661 673 2728 ἀπὸ
701 2665 794 2728 τούδε
822 2661 842 2751 ἡ
871 2665 1056 2752 δηλωθεῖσα
1085 2675 1140 2752 τῆς
1168 2665 1330 2752 Ζιγρίτζας
1360 2668 1441 2750 μονὴ
1477 2669 1546 2750 μετὰ

294 2797 353 2851 των
378 2787 422 2861 εἰς
445 2791 479 2852 τό
497 2788 688 2874 Παντοίχιον
712 2793 768 2852 καί
793 2797 848 2852 τού
873 2786 965 2869 ἁγίου
980 2789 1185 2876 Ἐλευθερίου
1208 2791 1340 2856 δικαίων
1357 2786 1455 2876 αὐτῆς
1479 2785 1547 2853 ύπυ-

292 2917 424 2999 κειμένη
451 2917 507 2976 καί
541 2916 768 2998 προσηνωμένη
799 2923 837 2999 τη
872 2923 931 2977 τῶν
960 2911 1149 3002 Ῥουφιανῶν
1185 2926 1267 3002 μονῇ
1301 2919 1357 2979 καί
1385 2919 1470 3000 παρὰ
1498 2922 1545 2976 τού

294 3039 379 3100 κατὰ
403 3037 535 3120 καιρούς
562 3037 812 3122 καθηγουμένου
840 3045 895 3123 τῆς
920 3048 978 3101 τῶν
1007 3036 1200 3126 Ῥυυφιανύν
1228 3046 1327 3124 μονης
1349 3040 1544 3124 βαθυνομένη

293 3181 326 3222 τε
354 3163 410 3222 καί
437 3159 646 3246 διεξαγομένη
676 3157 756 3246 αύτη
786 3183 819 3224 τε
846 3165 902 3226 καὶ
926 3159 956 3226 οἰ
979 3161 1011 3226 ἐν
1036 3156 1116 3248 αύτη
1142 3165 1279 3250 μοναχοί
1306 3167 1361 3228 καί
1388 3167 1490 3228 πάντα
1513 3165 1544 3222 τό

293 3279 363 3345 κατ’
389 3277 484 3368 αύτην
507 3288 563 3347 καί
585 3289 654 3370 περί
679 3282 788 3370 αύτην,
819 3283 880 3348 εἴτε
904 3283 948 3358 εἰς
972 3283 1147 3371 ἀροσίμους
1174 3289 1371 3372 θεωροῦνται
1395 3283 1475 3352 αύτὰ
1496 3307 1543 3348 πε-

293 3407 418 3488 διάδας,
448 3407 509 3470 εἴτε
539 3407 584 3480 εἰς
612 3411 726 3481 τόπους
754 3405 1012 3496 ἀμπελοφύτους,
1044 3411 1104 3475 εἴτε
1129 3410 1173 3484 εἰς
1198 3413 1359 3496 μόλωνας,
1388 3410 1450 3475 εἴτε
1473 3413 1542 3478 τινές

293 3529 369 3594 εἰσιν
399 3527 431 3592 έν
460 3543 525 3602 τοῖς
560 3541 615 3616 τῆς
648 3541 746 3617 μονῆς
776 3532 914 3606 δικαίοις
941 3537 1221 3621 προσκαθήμενοι,
1257 3535 1318 3600 εἴτε
1349 3536 1443 3620 ζεύγη
1471 3535 1541 3616 βοοῖν

293 3653 382 3734 εἰσιν,
414 3652 474 3716 εἴτε
499 3653 596 3719 ἄλλον
621 3653 760 3741 οἱονδήτι
783 3667 822 3741 τη
851 3669 933 3743 μονῇ
957 3655 1005 3745 ἐφ’
1031 3656 1115 3734 ἅπαξ
1143 3656 1321 3746 άφιερωθέν
1346 3657 1539 3742 ύθενδηπυτε,

293 3776 322 3840 οἱ
350 3779 384 3838 δὲ
413 3781 498 3841 κατὰ
526 3779 655 3864 καιρούς
684 3784 824 3866 μοναχοί
852 3791 908 3868 τῆς
936 3791 994 3848 τῶν
1022 3780 1212 3870 Ῥουφιανων
1237 3791 1336 3869 μονῆς
1358 3781 1478 3858 ἕξουσιν
1501 3777 1539 3842 ἐπ’

293 3897 435 3986 ἀνάγκης
460 3902 601 3982 βελτιούν
627 3909 739 3970 τεκαὶ
763 3917 908 3970 συνιστᾱν
934 3907 988 3992 τὴν
1012 3904 1057 3979 εἰς
1081 3909 1230 3993 μετύχιον
1252 3907 1404 3972 δοθεῖσαν
1428 3906 1538 3973 τούτοις

292 4027 401 4109 μονήν.
431 4020 512 4088 υύτω
548 4029 608 4112 γὰρ
636 4031 692 4092 καί
720 4027 765 4101 εἰς
794 4031 943 4114 μετύχιον
973 4029 1177 4104 αἰωνιζόντως
1206 4033 1321 4118 ταύτην
1349 4031 1537 4105 καθέξουσιν,

292 4147 341 4211 έτί
369 4149 404 4212 δέ
432 4159 496 4220 τοῖς
524 4146 649 4214 ἄνωθεν
678 4148 855 4236 εἰρημένοις
884 4149 1000 4216 ἅπασιν
1029 4152 1157 4218 ἔσονται
1185 4149 1376 4239 ὑποκείμενα
1405 4163 1444 4240 τῇ
1467 4157 1538 4236 μονη

291 4281 350 4334 τῶν
367 4269 556 4359 Ῥουφιανων
576 4277 632 4338 καί
655 4277 694 4338 τὰ
717 4275 773 4338 δύο
799 4278 935 4361 μετύχια
957 4285 1011 4364 τῆς
1035 4276 1209 4363 Ζιγρίτίης,
1232 4273 1303 4362 ἥτε
1328 4275 1469 4363 Δαφναία
1490 4274 1537 4336 καί

290 4389 310 4481 ἡ
337 4393 488 4478 Ἀίυλος,
514 4401 593 4482 μετὰ
622 4407 680 4463 τῶν
711 4398 744 4463 ἰν
768 4397 874 4472 αύτοῖς
901 4401 1178 4486 προσκαθημένων
1205 4409 1348 4486 πτωχῶν.
1375 4397 1431 4482 έπί
1450 4397 1536 4476 τούτῳ

292 4519 351 4603 γὰρ
379 4523 435 4584 καί
463 4523 498 4584 τό
525 4523 624 4607 παρόν
649 4525 782 4608 γράμμα
813 4531 869 4609 τῆς
891 4521 980 4611 ἡμῶν
1005 4527 1208 4610 μετριότητος
1233 4535 1297 4598 τοῖς
1320 4522 1536 4611 Ῥουφιανίταιτ

292 4652 445 4726 μοναχοῖς
469 4648 597 4722 γέγονεν
622 4643 666 4717 εἰς
690 4641 867 4732 ἀσφάλειαν
891 4652 919 4728 †.
