3238 5282
526 689 606 756 κικ.
624 689 701 756 σιω
716 709 808 771 anno,
825 707 933 756 manse
949 653 1131 777 septembri,
1148 685 1213 754 ιω.
1230 687 1283 754 ιιι

271 855 487 916 &hume-rator
505 854 632 912 Ιοσκκσε
652 856 807 913 Οοικιισκκσ
827 855 1022 929 Ρσίστοίοραε
1042 857 1192 930 σοκβινκαί
1205 855 1378 910 mummio
1393 849 1537 906 Macrini-

431 982 528 1036 -ίίσσσσ
541 983 745 1052 ροεκιεεέοκσω
758 981 875 1054 praedii
890 981 998 1036 domini
1012 979 1178 1036 Hilarionis
1194 981 1226 1034 ιἰι
1240 977 1366 1048 Almyro.

270 1148 423 1240 Γραφῆ
452 1161 529 1216 τού
559 1154 1009 1238 σεβαστοκράτορος
1036 1159 1178 1238 κορού
1214 1147 1425 1214 Ἰωάννου
1461 1143 1538 1210 Ko·
1596 1139 1597 1186 ³

381 1271 1426 1363 μνηνούτούΠαλαιολύγσο,ούπωδεσπύτοο
1596 1241 1597 1250 ¹

736 1403 1068 1486 τυγχάνοντος.

358 1595 445 1660 Ἐπεὶ
472 1591 492 1682 ἡ
520 1599 605 1660 κατὰ
633 1598 667 1660 τύ
697 1601 793 1682 μέρος
821 1605 878 1682 τῆς
905 1595 1128 1682 Δημητριάδος
1156 1594 1341 1677 διακειμένη
1374 1590 1536 1672 σεβασμία
1596 1549 1597 1552 ¹

271 1720 350 1806 μονη
374 1725 431 1806 τῆς
460 1716 540 1784 ούτω
574 1741 640 1793 πως
673 1719 953 1807 ἐπονομαζομένης
987 1728 1043 1806 τῆς
1078 1715 1251 1803 ύπιραηὶας
1285 1715 1448 1780 θεοτύκοο
1483 1719 1537 1795 τῆς

269 1841 520 1930 Μακρινιτίσσης
547 1841 702 1932 ἐκέκτητο
727 1841 759 1908 έν
784 1855 822 1930 τῆ
846 1847 938 1930 χύρορ
960 1851 1014 1906 τού
1042 1839 1201 1927 Ἃλμορού
1226 1842 1376 1926 μιτύχιον
1399 1839 1436 1900 τύ
1461 1831 1535 1898 iao·
1596 1919 1597 1930 ρ

269 1971 486 2054 νομαίύμενον
510 1975 565 2033 τού
588 1977 685 2052 κορού
713 1965 903 2052 Ἱλαρίωνος,
928 1963 1005 2052 ὅπερ
1033 1967 1073 2052 δῆ
1103 1968 1253 2051 μετύχιον
1279 1960 1535 2048 προσεπιδέδιωιε

269 2093 328 2177 Ιπρέ
357 2109 440 2164 τινος
466 2099 580 2177 καιροῦ
608 2089 626 2156 δ
655 2096 836 2178 μακαρίτης
863 2089 985 2164 ἐκεῖνος
1007 2089 1174 2175 Κομνηνύς
1198 2084 1215 2151 δ
1238 2083 1448 2171 Μαλιασηνύς
1476 2087 1534 2168 ιβι-

270 2223 367 2302 χικῆς
395 2210 491 2280 αύτού
525 2213 633 2281 ἕνεκεν
669 2221 840 2302 σωτηρίας,
878 2213 1004 2302 ἔφθασε
1032 2215 1068 2277 δέ
1104 2209 1355 2297 ἀποσπασθῆναι
1388 2207 1453 2273 ἀπὸ
1482 2217 1535 2292 τῆς

271 2333 428 2426 βηθείσης
452 2345 550 2425 μονῆς
577 2341 613 2402 τύ
637 2347 779 2404 τοιοῦτον
804 2342 954 2424 μετέχων
977 2345 1031 2400 τού
1064 2343 1122 2421 κύρ
1144 2333 1319 2420 Ἱλαρίωνος
1341 2336 1401 2418 πρὸ
1426 2329 1534 2410 δλίηοο

268 2465 354 2548 παρὰ
378 2473 436 2526 τῶν
459 2463 720 2546 προαοθεούντων
745 2463 799 2548 τῆν
823 2465 970 2548 τοιαύτην
995 2465 1102 2546 χώραν
1125 2461 1286 2524 δεσποτῶν
1310 2459 1363 2522 διὰ
1387 2459 1422 2520 τύ
1447 2455 1534 2541 ἔχειν

269 2583 424 2671 ἀπεχθῶς
448 2585 498 2650 ἐπὶ
522 2584 564 2674 τῷ
584 2585 786 2672 Μαλιασηνιβ
809 2583 932 2669 ἐκείνῳ,
958 2583 990 2649 ἐν
1014 2583 1038 2672 ᾧ
1061 2585 1100 2670 δη
1126 2588 1263 2670 μετοχίιρ
1288 2590 1342 2646 τού
1366 2589 1427 2665 κύρ
1451 2578 1533 2644 Ἱλα-

268 2715 378 2794 ρίωνος
405 2712 676 2796 προσεπεκοριύθη
704 2713 761 2774 καί
790 2717 829 2795 γῆ
858 2714 1042 2797 χωραφιαία
1069 2706 1144 2772 ὡσεί
1173 2708 1289 2792 μοδίων
1317 2709 1532 2772 πεντακοσίων

268 2819 354 2919 παρὰ
378 2841 432 2897 τού
451 2831 663 2918 Μαλιασηνού
687 2831 810 2896 έκείνοο
833 2831 889 2897 καὶ
905 2837 1068 2920 κτῆτορσς,
1094 2837 1150 2896 καί
1174 2829 1360 2917 ἐδεήθησαν
1384 2827 1414 2892 οἱ
1438 2826 1472 2892 ἐν
1496 2836 1532 2912 τῆ
1596 2825 1597 2890 j

269 2959 399 3042 τοιαύτη
426 2965 642 3043 πατριαρχικῆ
671 2969 752 3044 μονῇ
788 2967 843 3044 τῆς
875 2955 1122 3042 Μακρινιτίσσης
1158 2951 1351 3040 ἀσκούμενοι
1385 2954 1532 3039 ροναχοί,

269 3077 312 3153 ὣς
333 3079 386 3144 ἵνα
409 3083 466 3144 καί
483 3077 579 3154 αὖθις
602 3079 829 3169 ἔπαναστραφῆ
852 3081 887 3144 τδ
912 3074 1013 3166 ῥηθέν
1037 3082 1186 3165 μετύχιον
1210 3086 1266 3142 τού
1281 3087 1340 3164 κύρ
1356 3074 1533 3162 Ἱλαρίωνος

270 3204 325 3268 σύν
337 3215 400 3278 τοῖς
415 3199 462 3268 ὑπ’
477 3201 572 3268 αύτού
585 3207 814 3291 κατεχομένοις
826 3207 967 3289 κτήμασι
978 3205 1055 3288 πρὸς
1067 3203 1123 3289 τὴν
1137 3197 1291 3288 ῥηθεῖσαν
1308 3199 1415 3286 μονῆν,
1429 3207 1532 3285 τυχεῖν

268 3337 390 3416 γραφῆς
406 3337 461 3414 τῆς
479 3329 643 3412 βασιλείας
666 3349 725 3414 μοι
742 3325 788 3401 είς
804 3325 1025 3414 ἐπιστηριημύν
1041 3330 1097 3392 καί
1113 3325 1289 3415 ἀσφάλειαν
1313 3335 1369 3411 τῆς
1385 3325 1532 3406 τοιαύτης
1596 3341 1597 3394 3

266 3461 500 3538 πατριαρχικῆς
524 3461 633 3539 μονῆς,
658 3463 713 3540 τῆς
736 3453 877 3538 δεησεως
901 3447 1002 3517 αύτιύν
1026 3451 1235 3516 ίπακούσασα
1257 3446 1278 3536 ἡ
1303 3447 1453 3533 βασιλεία
1474 3467 1531 3533 μοι

266 3557 518 3663 παρακελεύεται
533 3577 587 3641 διὰ
603 3585 659 3663 τῆς
674 3577 836 3663 παρούσης
852 3573 950 3662 αύτῆς
965 3585 1098 3664 γραφῆς,
1117 3573 1159 3648 ὡς
1172 3571 1226 3638 ἵνα
1240 3578 1297 3638 καί
1321 3565 1418 3644 αὖθις
1434 3575 1531 3634 κατέ·

268 3677 366 3788 χηέαι
377 3701 412 3764 τδ
428 3702 576 3786 μετόχιον
593 3710 648 3766 τού
665 3707 723 3786 κύρ
739 3699 913 3784 Ἱλαρίωνος
928 3703 1088 3786 παρδιτῆς
1105 3707 1202 3787 μονῆς
1213 3707 1270 3784 τῆς
1284 3697 1531 3782 Μακρινιτίτσης

269 3823 351 3910 μετὰ
374 3801 434 3888 καί
460 3827 583 3888 πάντων
612 3833 671 3887 τῶν
698 3826 988 3910 προσκορωθέντων
1016 3819 1100 3910 αὐτῷ
1126 3827 1214 3908 παρὰ
1242 3829 1296 3886 τού
1323 3819 1530 3905 Μαλιασηνού
1596 3869 1597 3890 ³

268 3943 464 4034 έκείνοσιιαὶ
479 3950 644 4034 κτητορος,
671 3944 754 4012 ἀλλὰ
770 3947 809 4035 δη
833 3947 968 4033 καὶτῆς
992 3955 1050 4035 γῆς
1066 3957 1121 4034 τῆς
1145 3947 1299 4034 δοθείσης
1323 3941 1404 4030 αύτῆ
1421 3991 1528 4008 .....

268 4091 322 4143 τος
344 4075 541 4136 παντάπασιν
565 4068 802 4160 ἀνεπηρέαστος
820 4072 881 4137 ἀπύ
904 4075 1021 4146 παντὸς
1044 4073 1245 4158 δημοσιακού
1268 4053 1530 4158 ιρορολοηῆματος
1596 4127 1597 4140 2

268 4196 353 4258 κατὰ
388 4197 443 4267 τὰς
470 4194 652 4281 περιλῆψεις
680 4206 741 4260 τῶν
767 4199 945 4282 προσόντων
975 4180 1059 4282 αύτῷ
1085 4195 1283 4274 παλαιγενων
1309 4195 1529 4278 δικαιωμάτων
1596 4217 1597 4258 ι

267 4327 306 4404 τῆ
341 4315 497 4406 έμφανείφ
530 4325 585 4405 τῆς
618 4321 781 4407 παρούσης
816 4328 939 4407 γραφῆς
971 4327 1028 4406 τῆς
1057 4319 1221 4402 βασιλείας
1249 4337 1320 4403 μοι.
1356 4317 1406 4382 ini
1434 4317 1528 4397 τούτῳ
1596 4335 1597 4370 1

268 4445 329 4526 γὰρ
358 4441 499 4522 έηεηύνει
522 4455 560 4530 τῆ
585 4444 804 4532 διαληφθείση
829 4445 990 4528 σεβασμίιρ
1018 4453 1099 4529 μονῆ
1127 4450 1182 4529 τῆς
1204 4439 1453 4529 Μακρινιτίσσης
1475 4441 1528 4504 καί
1596 4463 1597 4470 ¹

268 4561 288 4651 ἡ
311 4575 457 4651 παροῦσα
484 4569 588 4654 γραφη
612 4575 668 4653 τῆς
692 4565 856 4650 βασιλείας
880 4587 940 4654 μοι
964 4564 1004 4632 δι’
1030 4564 1206 4655 ἀσφάλειαν
1235 4569 1342 4653 μηνί
1376 4585 1527 4631 σιπττ-
1596 4633 1597 4646 χ

271 4688 378 4772 βρίῳ
411 4689 491 4754 ίνδ.
528 4697 699 4776 τρίτης.
1596 4665 1597 4696 ἡ
