3228 5296
220 206 292 276 vm

218 403 298 491 αῦτη
326 401 480 480 ίιτισθαι,
506 399 615 489 ὥσπερ
645 407 681 469 τό
708 405 818 470 λοιπόν
847 413 940 490 σῶμα
967 412 1007 490 τη
1035 385 1176 490 κεφαλῇ,
1206 403 1261 468 καί
1287 383 1407 476 ποτίζει
1431 414 1500 476 τυίς

221 527 370 602 ἀιιίιίιοις
398 530 455 592 καί
483 527 729 614 σωτηριιίδτσιν,
760 525 803 600 ῦς
828 517 964 615 ίρημεν,
988 529 1128 612 νάμασιν
1150 529 1207 600 τὰς
1235 531 1500 613 προσερχομένας

220 655 278 717 καί
294 645 506 737 ἀποκειμόνας
529 647 620 738 αῦτη,
645 654 702 715 καί
721 649 765 723 ιδς
786 647 849 714 ἀπὸ
873 659 1005 734 κέντρου
1029 647 1127 715 οἱονεί
1151 670 1238 723 τινας
1262 653 1413 736 γραμμὰς
1437 653 1499 724 τὰς

220 781 291 861 περί
317 776 427 860 κῦκλιρ
460 773 535 847 ίσας
563 777 620 848 τὰς
649 769 748 858 αὐτῆς
775 778 832 838 καί
859 774 984 846 τελείας
1012 771 1045 837 ἐν
1072 784 1169 838 πᾶσιν
1199 769 1407 859 δπερεκτείνει
1438 771 1498 837 καί

220 902 405 984 περιάγεται
438 902 571 984 χάριτος
598 895 619 984 ἢ
648 897 771 982 μᾶλλον
800 893 843 971 ἀς
872 895 925 962 ἀπ’
954 895 1055 962 ἄλλου
1082 904 1198 982 νοητοῦ
1226 897 1421 982 παραδείσου
1451 895 1498 970 είς

221 1027 381 1107 τόσσαρας
408 1023 448 1086 τόι
475 1030 531 1086 τοῦ
553 1011 683 1106 ’κόσμου
711 1024 793 1108 φημί
825 1024 949 1106 πέρατα
978 1025 1170 1107 μιριίομένη
1206 1017 1310 1106 ἀρχὰς
1340 1017 1430 1105 ἄρδει
1461 1039 1497 1082 τε

223 1149 279 1210 καί
301 1149 416 1210 πιαίνει
433 1157 499 1218 ταῖς
523 1147 713 1216 θεσπεσίαις
729 1137 829 1230 αὐτῆς
851 1146 907 1208 καί
931 1142 1083 1230 ἀρχιναῑς
1099 1140 1297 1230 είσηγὴσοσι,
1321 1144 1376 1207 τόν
1397 1127 1500 1208 αὐτόν

223 1289 259 1349 γε
285 1267 347 1354 μην
376 1270 489 1354 τρόπον
513 1266 642 1332 δίδωσιν
677 1263 858 1332 αίσθίσθαι
881 1276 938 1354 της
968 1262 1065 1354 αὐτῆς
1093 1268 1281 1352 θαυμασίας
1311 1264 1447 1352 ἀρδείας
1463 1289 1500 1331 τε

224 1395 281 1456 καί
310 1391 459 1477 ἐπιρροῆς
487 1393 543 1455 καί
577 1402 644 1464 ταῖς
672 1392 758 1455 κατὰ
793 1390 848 1476 τήν
883 1387 1017 1476 ἐσπίραν
1053 1385 1201 1470 είιαγίσιν
1236 1388 1427 1478 ἐκκλησίαις
1462 1415 1499 1455 τε

224 1518 281 1580 καί
305 1525 429 1600 μοναίς,
465 1508 545 1578 καθ’
570 1509 612 1604 ἀν
636 1513 769 1586 δικαίως
798 1511 868 1598 ἔχει
891 1514 927 1577 τό
950 1515 1082 1598 κρσίτος,
1112 1511 1154 1588 ἀς
1183 1515 1251 1599 θεῷ
1279 1517 1335 1600 μὲν
1364 1513 1497 1580 ἀνακει-

225 1642 336 1722 μίνοιις
360 1640 417 1702 καί
451 1647 489 1722 τη
518 1633 552 1711 ἐξ
579 1629 677 1722 ἀψυυς
699 1636 991 1722 περιλαμπομέναις
1016 1633 1174 1724 ἀνατολῇ,
1210 1632 1302 1703 οίιδέν
1331 1637 1366 1702 δέ
1401 1635 1500 1724 ἧττον

224 1757 272 1826 ὁπ’
308 1757 406 1847 αότήν
446 1759 681 1846 τυγχανοόσαις
714 1762 771 1824 καί
806 1757 961 1844 δευτίρως
996 1751 1053 1831 τάς
1089 1769 1144 1847 τῆς
1178 1765 1313 1835 πίστιος
1350 1759 1501 1825 ἐντεῦθεν

230 1881 480 1971 ἀποδεχομένοις
504 1879 616 1963 αόχαίς.
644 1883 761 1946 τοότων
786 1873 844 1968 μία
867 1903 914 1956 τις
940 1881 1023 1947 ἐστιν
1052 1885 1108 1947 καί
1131 1879 1151 1970 ἡ
1176 1881 1208 1948 ἀν
1233 1885 1276 1969 τῷ
1297 1886 1417 1971 θέματι
1440 1891 1501 1970 μὲν

229 2006 419 2085 Βαγενιτίας
447 2005 584 2070 τελοῦσα
612 2006 801 2093 ρερωνόμως
828 2005 883 2069 διὰ
910 2007 945 2070 τό
982 2002 1174 2094 ἀμφίρρυτον
1209 2011 1266 2072 καί
1294 2005 1326 2082 ἐξ
1357 2005 1502 2093 ἐμβολῆς

160 2157 163 2163 ·
228 2133 284 2194 καί
313 2131 426 2214 μίξεως
453 2139 604 2215 ποταμῶν
634 2127 879 2216 ἀποιετμημόνη
907 2132 965 2194 καί
988 2127 1055 2194 υίον
1082 2137 1179 2216 νῆσον
1203 2127 1282 2194 εἶναι
1310 2139 1365 2196 τοῦ
1389 2129 1502 2196 Μεσο-

230 2256 376 2338 ποτοίμυυ
403 2255 679 2339 κατωνομασμένη
708 2253 869 2337 σεβασμία
898 2252 991 2338 μονὴ,
1021 2249 1064 2326 ιδς
1093 2251 1255 2318 ἀνέκαθεν
1282 2253 1333 2319 ἐπί
1362 2273 1502 2340 σταυρο-

177 2455 180 2462 ¹
229 2379 333 2462 πηηίμ
356 2373 582 2462 πατριαρχικῴ
604 2376 803 2462 δομηθείσα,
828 2376 1024 2460 δικαιόμασί
1047 2397 1080 2439 τε
1104 2380 1161 2440 καί
1185 2371 1389 2464 ὑπομνήμασι
1411 2383 1502 2462 παρὰ

232 2509 291 2562 τῶν
320 2497 473 2585 ἀοιδίμων
499 2507 706 2584 πατριαρχιίν
734 2493 815 2585 αῦτη
848 2500 1051 2584 χαρισθείσιν
1079 2508 1172 2563 τοῦτο
1200 2500 1411 2586 πλουτήσασα
1442 2495 1501 2566 καί

229 2622 326 2687 είσίτι
352 2626 408 2687 καί
435 2630 488 2688 νῦν
517 2623 551 2686 ἐν
579 2631 648 2695 ταίς
677 2619 777 2706 ίεραίς
806 2618 965 2700 οίγιστίαις
993 2621 1049 2707 την
1076 2623 1310 2708 πατριαρχικὴν
1334 2621 1500 2710 ἀναφορὰν

218 2749 401 2833 ποιουμένη
429 2749 485 2810 καί
513 2743 598 2810 ἀλλα
627 2767 659 2810 τε
684 2741 747 2809 ὅσα
770 2751 825 2831 τῆς
847 2753 1082 2831 πατριαρχικῆς
1111 2756 1271 2832 περιωπῆς
1297 2744 1364 2812 ἐστι
1387 2747 1502 2812 δίκαια

227 2867 377 2942 εάνοίκως
406 2865 474 2954 ἅμα
509 2873 565 2933 καί
593 2878 659 2941 τοῖς
687 2864 750 2932 ὅσα
786 2862 834 2932 ἀπ’
865 2863 962 2953 αὐτὴν
998 2867 1058 2932 είσί
1094 2870 1250 2954 μονόδρια
1284 2873 1341 2934 καί
1374 2865 1500 2958 ἡσυχα-

227 2983 355 3080 στηρια,
385 2992 406 3056 ἃ
435 2995 492 3058 καί
521 2989 570 3055 ἐπί
599 2989 844 3077 σταυρσπηγίοις
871 3004 1113 3077 πατριαρχικοῖς
1142 2991 1305 3080 ἀνίδρυτοι
1332 2995 1388 3059 καί
1416 2991 1501 3077 ἀνιμ-

212 3118 412 3206 κοδόμηται
441 3113 664 3187 ἀνυποστόλως
693 3137 725 3178 τε
750 3117 807 3178 καί
832 3113 1005 3202 ἀταράχως
1034 3113 1275 3203 ἀποπληροῦσα.
1302 3121 1420 3207 φθόνει
1443 3121 1502 3204 μέν

228 3236 282 3306 οὖν
306 3259 382 3304 ποτε
406 3236 423 3304 δ
448 3249 505 3326 της
528 3241 614 3303 κατὰ
633 3238 698 3324 ’την
721 3235 933 3304 Ναυπακτίων
958 3237 1114 3325 ἐπαρχίαν
1141 3239 1289 3326 Χιμαίρας
1314 3240 1499 3316 ἐπίσκοπος,

228 3363 271 3437 ὡς
299 3373 338 3450 τῇ
366 3364 584 3452 διαληφθείση
613 3375 674 3430 τῶν
700 3363 973 3448 Μεσοποταμιτῶν
1008 3375 1089 3451 μονη
1125 3367 1310 3450 γειτνιώσης
1342 3373 1398 3450 της
1426 3359 1498 3428 κατ’

230 3483 326 3550 αὐτόν
350 3483 537 3573 ἐκκλησίας,
563 3483 598 3551 οδ
626 3486 718 3571 καλῷ
748 3483 821 3551 οὐδὲ
846 3487 976 3572 δικαίῳ,
1004 3486 1219 3572 πλευνεκτικῷ
1246 3507 1282 3566 γε
1311 3487 1372 3572 μὴν
1400 3505 1498 3572 προσ·-

231 3612 318 3697 σχιδν
342 3607 471 3696 ὄμματι,
495 3612 531 3674 τό
555 3617 610 3696 τῆς
633 3615 866 3696 πατριαρχικῆς
891 3609 1137 3695 μεγαλειότητος
1161 3609 1215 3674 ἀπ’
1240 3605 1337 3698 αὐτῆς
1363 3607 1502 3698 ἀραιρη-

229 3736 349 3798 ’σεσθαι
374 3733 486 3797 δίκαια
510 3729 717 3820 ἐπιχειρήσας
740 3733 795 3798 διά
819 3729 949 3798 τὸκατ’
974 3729 1076 3797 ἐκεῖνο
1093 3729 1208 3817 καιροῦ
1234 3733 1374 3819 μάλιστα
1396 3731 1504 3797 πολλὰ

231 3859 389 3943 συμβῆναι
414 3859 452 3920 τὰ
476 3863 530 3943 τῆς
559 3863 709 3944 καιρικης
731 3861 932 3941 περιπετείας
961 3853 994 3920 ἐν
1018 3856 1060 3942 τιρ
1082 3859 1170 3942 μίσιρ
1195 3855 1364 3920 σκάνδαλα
1388 3877 1421 3920 τε
1445 3849 1504 3920 καί

230 3984 472 4065 περιττώματα,
508 3975 589 4043 ὥστε
618 3983 676 4043 καὶ
704 3973 800 4044 αὐτόν
828 3979 868 4066 δὴ
897 3980 950 4042 τόν
979 3975 1143 4064 είρημίνον
1171 3985 1226 4065 τῆς
1254 3975 1405 4063 Χιμαίρας
1434 3977 1505 4042 ἐπί-

233 4123 353 4169 σκοπον
388 4098 447 4168 οὐκ
475 4099 570 4182 όλίηα
598 4111 658 4167 τῶν
688 4099 812 4166 ἀτόπων
847 4104 903 4166 καί
931 4098 1079 4187 όχληρῦν
1109 4099 1158 4166 ἐπί
1187 4101 1293 4186 βλάβη
1323 4109 1378 4187 τῆς
1403 4109 1505 4187 μονῆς

234 4227 485 4312 διαπράξασθαι,
511 4223 563 4291 ὅτε
579 4226 619 4312 δὴ
644 4229 699 4290 καί
717 4229 755 4290 τα
780 4221 826 4288 ἀπ’
851 4219 932 4311 αῦτη
949 4225 1166 4310 πατριαρχικά
1190 4223 1301 4288 δίκαια
1318 4222 1366 4313 ἐρ’
1391 4221 1506 4289 ἔαυτόν

234 4353 291 4414 καί
318 4351 374 4436 τὴν
397 4347 511 4414 ἐαυτοῦ
535 4349 712 4436 ἐκκλησίαν
735 4351 821 4434 παρὰ
845 4349 948 4412 πάντα
971 4349 1024 4411 τόν
1052 4343 1162 4410 είκότα
1184 4347 1281 4426 λόγον
1306 4345 1508 4434 ἐρίλκεσθαι

236 4473 421 4550 σπεύδοντα,
446 4469 516 4538 ἀλλ’
542 4471 597 4539 οὖν
613 4470 673 4540 οδκ
697 4469 746 4537 ἐπί
762 4471 913 4537 πλείσταν
937 4477 993 4558 της
1017 4477 1170 4559 σρττίρας
1188 4467 1368 4545 αὐθαδείας
1392 4491 1425 4535 τι
1448 4469 1507 4534 καί

235 4597 421 4672 πλεονεξίας
451 4592 543 4670 οὗτος
568 4595 729 4678 ἀπώνατο,
760 4594 844 4661 ἀλλά
868 4603 923 4680 τῆς
951 4594 1156 4678 δικαιοσύνης
1180 4599 1236 4659 καί
1261 4603 1315 4660 τοῦ
1340 4591 1505 4679 τῆςάλη-
