3140 5306
1248 285 1313 350 233

42 465 135 556 εἰάθη
164 469 205 533 δέ
236 475 310 556 παρ’
338 467 427 559 ἡμῶν
450 473 486 536 τό
513 481 654 538 τοιοῦτον
682 477 845 560 χαράφιον
872 475 958 558 παρὰ
987 483 1042 560 τῆς
1070 483 1168 561 μονῆς
1195 477 1248 540 διὰ
1275 479 1311 540 τό

41 591 116 656 εἶναι
145 602 246 658 τοῦτο
274 590 438 681 ἡμέτερον.
468 595 523 682 τῆν
552 598 689 682 σῆμερον
718 597 753 660 δέ
781 595 1017 682 προσελθόντος
1040 595 1070 662 οἱ
1094 603 1231 684 ροναχοί
1257 603 1314 664 καί

42 719 331 800 παρακαλέσαντες
358 717 443 804 ἡμᾶς
477 725 533 784 καί
562 724 761 806 μνημόσυνον
789 720 876 805 ἔχειν
911 719 1175 805 ἐπαγγειλάμενοι
1210 721 1242 786 ἐν
1273 734 1314 808 τῆ

44 837 144 904 αύτιδν
176 853 262 928 μυνῆ
290 843 345 906 διὰ
373 845 408 906 τό
435 843 620 930 πλησιάζειν
643 845 678 907 τό
707 852 847 908 τοιοῦτον
871 847 1032 930 χωράφιον
1055 853 1116 908 τῶν
1142 849 1314 934 χυραφίιυν
1346 819 1349 828 ’

44 975 95 1050 τῆς
118 969 277 1053 τοιαύτης
301 975 408 1052 μονῆς,
433 965 701 1053 ἆποχαριξόμέθοι
724 975 815 1032 τούτο
837 971 916 1053 πρός
943 969 998 1054 τῆν
1022 965 1119 1054 αὐτὴν
1142 970 1312 1055 βασιλικήν

45 1090 141 1175 ρονῆν
168 1093 311 1178 ψυχικῆς
338 1089 435 1155 ἕνεκα
459 1095 616 1176 σωτηρίας
639 1087 737 1178 ἡμῶν.
767 1091 837 1178 ἔχει
859 1091 895 1155 δὲ
920 1089 937 1158 ό
959 1097 1102 1177 περίορυς
1125 1101 1180 1156 τού
1204 1093 1311 1158 τοιού-

45 1235 96 1275 του
123 1219 310 1302 χωραρίου,
337 1211 474 1279 ἕκαστον
503 1208 599 1278 αύτού
628 1211 735 1301 μόρος,
767 1210 876 1288 ούτιος·
900 1217 940 1280 πόι
963 1217 1112 1304 χυράφιοι
1134 1224 1189 1302 τῆς
1213 1225 1311 1303 μονῆς

45 1335 104 1400 ἀπὸ
132 1339 243 1401 νότου
260 1341 316 1402 καί
350 1333 411 1403 ἀπό
436 1338 559 1422 βορείου
588 1333 703 1424 μόρους
726 1335 935 1424 ἀνεστηλύθη
962 1341 1048 1424 παρὰ
1071 1345 1126 1402 τού
1155 1335 1312 1425 ἡμετέρου

46 1457 230 1546 ανθρώπου,
246 1469 343 1548 κυρού
366 1459 571 1547 Ἀνδρονίκου
586 1471 641 1527 τού
662 1459 802 1540 Ξανθού,
827 1459 869 1534 ὡς
884 1463 1093 1548 παραδίδιοκι
1116 1464 1152 1526 τό
1167 1471 1310 1528 τοιούτυν

46 1589 223 1672 χυράριον·
247 1585 346 1649 κλείει
370 1588 430 1670 γὰρ
453 1579 474 1672 ἡ
499 1585 600 1672 στήλη
623 1588 658 1650 τό
680 1585 866 1670 παραδοθὲν
887 1588 1052 1674 χυράριυν
1075 1587 1223 1652 κάτωθεν
1247 1584 1311 1652 ἀπὸ

49 1716 101 1794 τῆς
138 1703 300 1792 ἀνατολῆς
329 1705 406 1794 ἔχον
434 1709 468 1772 τό
496 1711 658 1798 χυράριον
685 1717 741 1794 τῆς
767 1707 993 1794 Πετριτζῆνης,
1017 1710 1052 1772 τό
1076 1711 1111 1774 δέ
1135 1707 1231 1796 μόρος
1253 1719 1311 1796 τῆς

49 1833 249 1916 μεσημβρίας
271 1843 382 1916 κρατεῖ
401 1835 495 1896 τόπον
519 1843 667 1918 χερσαῖον
689 1835 745 1896 καί
761 1833 955 1919 βρουλλύδη,
980 1831 1128 1920 ἀπεδόθη
1152 1837 1212 1920 γάρ
1234 1841 1308 1920 παρ’

48 1952 133 2042 ἡμῶν
162 1957 199 2020 τό
229 1963 368 2018 τοιούτον
393 1957 555 2044 χωράριον
577 1958 653 2040 πρός
677 1957 731 2042 την
755 1957 853 2042 μονὴν
877 1964 931 2042 τῆς
955 1953 1127 2040 ύπεραηίας
1149 1959 1309 2022 θεοτόκου

50 2089 101 2166 τῆς
122 2077 379 2166 Λεμβιιοτίσσης,
404 2075 484 2143 ὥστε
508 2083 657 2166 κοιτίχειν
681 2077 757 2144 αύτό
780 2085 907 2166 κυρίως,
933 2076 1128 2153 αύθεντικιῑις
1143 2085 1200 2145 καί
1222 2079 1308 2157 ἐξου-

51 2213 220 2274 σισστικῶς
242 2205 298 2266 καί
323 2185 603 2290 ἀποκερδαίνειν’ἠ
628 2202 706 2289 μυνη
731 2205 785 2290 τῆν
808 2211 863 2268 τού
886 2205 1027 2268 τοιούτου
1052 2209 1217 2292 χωραρίου
1241 2204 1308 2268 τίσ-

53 2325 120 2389 οδον
151 2324 198 2399 τίς
229 2327 302 2398 τούς
330 2324 400 2412 ἐξῆς
427 2329 482 2390 καί
510 2325 666 2412 διηνεκεῖς
695 2329 838 2412 χρόνους.
867 2326 921 2390 διό
949 2329 1010 2412 γὰρ
1041 2336 1132 2392 τοῦτο
1166 2327 1310 2407 ἐγεγόνει

51 2455 103 2515 καί
128 2453 166 2514 τό
193 2451 296 2534 παρόν
318 2445 470 2536 ἡμέτερον
493 2452 625 2536 γράμμα
647 2453 702 2514 καί
730 2447 870 2537 ἐπεδόθη
894 2461 932 2538 τῆ
957 2449 1105 2536 εἰρημένη
1131 2453 1240 2537 [μονῆ]
1265 2449 1309 2524 εἰς

54 2571 237 2660 ἀσφάλειαν.
273 2578 330 2639 καί
357 2571 460 2648 ούδτίς
487 2585 547 2640 τόν
580 2570 739 2662 ἡμετέραν
767 2573 828 2639 ἀπό
857 2584 912 2662 τῆς
940 2577 1079 2662 σήμερον
1105 2572 1169 2650 ἕξει
1200 2573 1310 2640 ἄδειαν

54 2695 225 2783 ἐπηρεάσαι
252 2695 272 2784 ἢ
301 2697 356 2783 τῆν
384 2691 541 2783 τυχοῦσαν
565 2693 699 2784 όχλησιν
727 2698 840 2772 ἐπάξαι
862 2710 927 2771 τοῖς
950 2707 1006 2785 τῆς
1033 2707 1131 2784 μονῆς
1155 2709 1309 2784 μονσχοίς

53 2825 117 2906 περὶ
139 2829 195 2884 τού
220 2822 363 2886 τοιούτου
386 2826 559 2908 χωραιρίου,
585 2818 669 2884 ἀλλὰ
689 2823 889 2906 κατέχεσθαι
911 2824 997 2906 παρὰ
1020 2829 1075 2907 τῆς
1099 2831 1195 2908 μονῆς
1218 2818 1309 2908 όρτίι·

55 2945 98 3007 λετ
113 2942 334 3030 ἀνενοχλῆτιος
357 2946 469 3029 πάντη,
493 2944 547 3008 διὰ
571 2947 605 3008 τό
628 2941 699 3028 παρ’
722 2940 809 3031 ἡμῶν
835 2941 1096 3030 ἀποχαρισθῆνοιι
1118 2951 1209 3006 τούτο
1232 2945 1310 3028 πρός

1 3103 2 3150 1
57 3063 145 3154 αύιῆν
167 3071 307 3154 ψυχικῆς
333 3065 429 3132 ἕνεκα
454 3071 611 3153 σωτηρίας
633 3063 730 3153 ἡμῶν.
760 3065 826 3131 ἐπεὶ
848 3071 904 3130 καί
927 3069 961 3130 τό
985 3069 1084 3151 παρόν
1108 3052 1307 3145 οιγιλλιύδες

55 3195 179 3277 γράμμα
203 3192 334 3270 γεγονός
358 3188 499 3276 ἐπεδόθη
523 3201 561 3277 τῆ
586 3201 666 3278 μονῆ
695 3189 741 3264 είς
770 3187 956 3278 ἀσφάλειαν.
985 3195 1092 3276 μηνί
1118 3187 1191 3252 ίαν
1204 3210 1221 3253 ο
1234 3211 1251 3252 υ
1265 3212 1307 3254 α-

57 3318 127 3397 ρίιρ
148 3313 229 3378 ἱνδ.
256 3311 308 3378 ια’
331 3311 374 3377 ἐν
398 3313 494 3378 ἔτει
520 3313 649 3400 ,ςψξοί
673 3319 702 3394 †.

1 3479 2 3566 ]
138 3461 996 3558 δΕἷρὴνηὴπριοτοβεστιαρίτισσαῆ.

136 4018 172 4085 11.
200 4023 222 4100 †
250 4015 436 4100 Ἕτερον
465 4021 652 4102 γράμμα
679 4025 755 4102 τῆς
791 4012 931 4104 αύτῆς
961 4017 1307 4102 πανυπερσεβά-

61 4163 158 4228 οτης
184 4139 295 4227 ύπέρ
323 4151 403 4204 τῶν
432 4146 675 4228 χωραφίιον
704 4151 785 4204 τῶν
814 4139 879 4210 τίς
908 4142 983 4210 τόν
1010 4137 1203 4224 Ἀσόνην
1227 4143 1304 4202 καί

61 4277 130 4330 τῶν
155 4269 275 4330 κατὰ
300 4265 501 4350 πλησίον
529 4261 682 4340 αὐτῶν,
706 4261 759 4326 ύν
784 4261 972 4336 ἐξέδοτο
997 4261 1251 4346 ἐσύστερον
1275 4268 1304 4342 ῆ.

136 4423 266 4506 ῆἘπεί
294 4423 426 4510 ἔφθασα
454 4421 601 4488 ἐκδοῦναι
629 4425 706 4507 πρός
736 4421 789 4506 τὴν
819 4420 915 4504 ρονῆν
943 4427 999 4504 τῆς
1022 4415 1226 4503 ύπερονδόξου
1249 4421 1305 4484 δε-

63 4553 176 4634 σποίνης
202 4545 290 4635 ἡμῶν
318 4549 477 4612 θεοτόκου
505 4555 560 4633 τῆς
586 4544 828 4630 Λεμβιιοτίσσης
854 4547 930 4607 ποτὲ
958 4545 1106 4628 χωράφιοι
1135 4545 1174 4606 τὰ
1203 4541 1236 4606 ἐν
1264 4555 1304 4629 τῆ

63 4673 220 4757 τοποθεσίη
242 4679 298 4736 τού
314 4669 445 4758 Ἀσάνη,
469 4673 525 4735 καί
548 4669 669 4755 μᾶλλον
693 4672 748 4734 καί
770 4667 811 4732 δι’
838 4661 996 4752 ἡμετέρας
1019 4675 1141 4754 γραφῆς
1162 4669 1301 4752 παροδό·
