3168 5274
256 253 322 348 σου

260 413 584 534 αύτη“’ττατριαρχικη
609 457 691 533 μονη
714 451 879 533 κτήματα,
903 451 1041 535 μετόχιοί
1064 451 1177 540 τεκαὶ
1204 443 1385 533 αύτεύργια,
1414 447 1467 511 ότι
1486 447 1521 510 δέ

261 575 366 658 χωρία
392 573 449 636 καί
477 571 573 636 λοιπὰ
607 581 741 638 παντοία
764 572 876 636 δίκαιά
904 575 1017 637 τεκαὶ
1050 544 1209 658 προνύμια
1234 575 1338 637 πάντα
1365 571 1522 642 παντελῶς

258 699 386 781 μόνιμα,
412 693 609 772 ἀδιοίστιστοι,
636 693 842 784 ἀναφαίρετα,
866 699 973 782 πόσης
988 699 1044 759 καί
1067 701 1221 767 παντοίας
1245 695 1448 782 ἐνοχλήσεως
1470 693 1523 758 καὶ

256 816 455 905 οἱασδήτινος
489 819 673 894 διαστίίεως
710 820 914 906 δημοσιακῆς
949 817 1090 904 ἀνώτερα
1127 823 1231 906 πάντη
1266 823 1323 884 καί
1356 816 1522 904 ἐλεύθερα,

255 939 322 1007 ἐπεὶ
348 942 443 1008 τοῦδ’
468 938 549 1007 υύτω
571 946 629 1008 καί
652 937 733 1006 ούτω
757 945 797 1007 τὰ
824 953 957 1008 τοιαῦτα
981 947 1132 1023 γεγόνασι
1155 943 1210 1008 διὰ
1237 945 1330 1008 θείου
1354 942 1520 1027 βασιλικοί

254 1065 494 1153 χρυσοβυύλλου
520 1065 618 1146 λόγου
645 1069 747 1152 ποίντη
777 1063 978 1152 ἀνενόχλητα
1001 1071 1057 1154 καί
1081 1063 1284 1148 ἆδιοίσειστα,
1311 1065 1462 1153 ἀεόραχοί
1478 1089 1520 1144 τε,

253 1187 488 1277 ἆπερικλόνητο
515 1193 571 1252 καί
595 1186 831 1274 ἀνεπηρέαστα,
867 1190 907 1254 δι’
937 1189 958 1254 ἃ
986 1189 1068 1276 δῆτα
1102 1193 1159 1254 καί
1188 1187 1412 1276 ύπομνηματος
1442 1188 1520 1254 ἀκο-

253 1303 380 1387 λούθως
403 1323 507 1400 τυχεῖν
526 1311 716 1402 ἐδεήθησαν
741 1322 796 1400 της
819 1309 908 1401 ἡμῶν
932 1303 1144 1402 μετριότητος.
1175 1309 1195 1402 ἡ
1226 1316 1392 1400 μετριότης
1420 1309 1519 1400 ἡμῶν,

251 1437 481 1524 πρυσηκαμένη
509 1435 564 1523 τήν
594 1435 718 1523 αἴτησιν
746 1437 863 1522 ταύτης
891 1446 947 1524 τῆς
975 1439 1060 1502 κατὰ
1088 1439 1167 1502 δεδν
1194 1437 1370 1523 καλλίστης
1397 1459 1521 1522 τρισευ-

254 1567 366 1641 γενυύς
395 1565 545 1641 συζυγίας
572 1564 628 1625 καί
652 1567 707 1624 τοῦ
731 1563 908 1647 θεαρέστου
932 1569 1053 1626 σκοποῦ
1083 1563 1198 1648 ταύτην
1222 1556 1522 1647 ύπεραποδεξαμένη

253 1687 310 1749 καί
333 1679 547 1771 εύλυγησοισα,
572 1685 608 1748 τό
632 1685 732 1770 παρόν
761 1679 933 1771 ύπόρινημα
957 1681 1163 1771 έγχαροίττει,
1192 1685 1233 1748 δι’
1258 1680 1294 1750 υύ
1318 1686 1400 1772 δῆτα
1422 1679 1520 1770 καὶὴ

254 1811 418 1894 μετριότης
444 1803 532 1896 ἡμων
557 1805 590 1872 έν
619 1805 700 1893 ἁγίῳ
721 1809 981 1893 παρακελεύεται
1007 1807 1161 1895 πνεύματι
1189 1819 1227 1895 τη
1255 1809 1393 1894 δὀδείση
1422 1809 1521 1894 ταύτη

251 1937 338 2019 παρὰ
365 1939 420 1998 τυό
448 1937 604 2012 παναγίυυ
626 1931 805 2018 πνεύματος
832 1931 958 2016 ἐξουσία
980 1937 1037 1997 καί
1063 1937 1186 2019 χάριτι,
1215 1934 1341 2019 συνῳδὰ
1374 1932 1418 2019 τῷ
1443 1955 1522 2018 τρο-

253 2057 342 2141 βόντι
369 2054 472 2142 σεπτεμ
496 2055 653 2141 βασιλικῷ
678 2057 907 2142 χρυσυβούλλιρ
935 2057 1031 2141 λόγῳ,
1067 2057 1294 2144 διατηρεῑοθαι
1320 2060 1377 2122 καί
1406 2057 1521 2144 διαφυ-

251 2181 430 2246 λάττεσθαι
463 2179 624 2253 παντελῶς
658 2183 698 2244 τὰ
733 2179 884 2266 εἰρημένα
916 2178 980 2268 ἤδη
1015 2183 1180 2267 κτήματα,
1220 2183 1357 2267 μετόχιοί
1391 2203 1426 2244 τε
1465 2185 1521 2244 καί

252 2301 439 2391 αύτούργια,
468 2303 515 2368 έτι
542 2304 578 2367 δέ
603 2305 706 2390 χωρία
730 2307 786 2368 καί
809 2305 906 2368 λοιποί
928 2315 1061 2387 παντοῖα
1089 2305 1200 2368 δίκαια
1223 2325 1256 2368 τε
1279 2307 1336 2369 καί
1362 2308 1521 2391 πρυνόμια

210 2508 212 2517 y
252 2437 308 2516 της
344 2422 500 2514 ῥηδείσης
538 2429 715 2512 σεβασμίας
752 2437 987 2515 πατριαρχικης
1025 2437 1125 2514 μονῆς
1163 2438 1219 2514 τῆς
1256 2427 1520 2513 Μακρινιτίσσης,

251 2548 320 2638 ἥτις
343 2553 511 2631 γυνικόδεν
533 2556 682 2638 πρόσεστι
706 2561 769 2626 τοῖς
793 2552 1019 2640 διαληρδεῐσιν
1050 2548 1304 2632 εὐγενεστάτοις,
1333 2551 1376 2638 τῷ
1402 2573 1438 2616 τε
1466 2573 1522 2617 πε-

252 2677 413 2764 ριποθήτω
442 2675 575 2762 γαμβρῷ
598 2685 653 2740 τού
676 2680 847 2762 κρατίστου
870 2679 927 2740 καί
955 2673 1048 2756 οἱγίου
1072 2697 1131 2761 μου
1160 2673 1403 2762 αύτοκροίτσρος,
1433 2675 1521 2757 ἀγοι-

250 2781 339 2887 πητῷ
364 2803 449 2864 κατὰ
472 2801 579 2886 κύριον
607 2797 663 2884 υἱῷ
688 2808 744 2886 τῆς
767 2797 856 2887 ἡμῶν
885 2805 1087 2888 μετριότητος
1116 2800 1202 2886 κυρῲ
1237 2799 1390 2886 Νικολάῳ
1424 2799 1520 2886 Κομ-

251 2921 333 3011 νηνῷ
361 2921 560 3010 Μαλιασηνηῑ
592 2921 635 3010 τῷ
657 2895 811 3009 Ἀγγέλῳ,
847 2927 904 2989 καί
937 2935 976 3010 τη
1011 2927 1135 3010 συζόγιρ
1170 2919 1282 3002 αὐτοῦ,
1317 2929 1521 3010 γνησιωτοίτη

250 3050 336 3113 κατὰ
369 3049 477 3133 κύριον
505 3049 642 3130 θυγατρί
675 3056 730 3133 τῆς
753 3041 841 3134 ἡμῶν
866 3050 1083 3133 μετριότητος,
1119 3045 1201 3132 πυρᾷ
1228 3046 1330 3134 Ἀννη
1365 3047 1522 3136 Κομνηνγ]

251 3171 411 3258 Δυυκαίνη
435 3169 675 3256 Παλαιολυγίνη
700 3181 739 3257 τῇ
762 3167 966 3257 Μαλιασηνη,
991 3175 1046 3234 καί
1070 3168 1113 3244 ὡς
1135 3173 1286 3258 κτητορσι
1310 3165 1418 3244 αύτοίς
1442 3169 1525 3236 ἀνα-

251 3306 373 3384 ρανείσι
395 3295 538 3384 διαφέρει
561 3298 707 3381 γνησίως,
732 3294 753 3358 ἃ
774 3295 813 3380 δὴ
838 3296 953 3381 ταύτης
977 3305 1032 3380 της
1056 3304 1154 3382 μονῆς
1170 3298 1320 3381 κτήματα
1342 3299 1398 3360 καί
1421 3296 1523 3360 λοιπὰ

250 3421 407 3504 προνόμιοί
434 3441 467 3483 τε
495 3421 551 3484 καί
584 3417 696 3483 δίκαιοι
719 3417 848 3504 ἔχουσιν
873 3413 982 3490 υύτως·
1016 3423 1120 3483 πάντα
1143 3421 1182 3484 τὰ
1207 3417 1239 3482 έν
1273 3431 1312 3508 τη
1336 3421 1428 3506 χιόρα
1463 3429 1521 3504 τῆς

251 3541 474 3629 Δημητριόδος
489 3545 546 3621 καί
569 3550 623 3628 τῆς
639 3541 892 3628 Δρυανουβαίνης
911 3545 1069 3628 προσόντα
1093 3543 1204 3607 δίκαια
1219 3547 1276 3607 καί
1297 3547 1457 3628 προνόρια
1482 3553 1522 3628 τη

252 3665 385 3752 τοιαύτη
402 3675 483 3752 μονη
500 3645 715 3752 πατριαρχικη
732 3673 788 3752 τῆς
802 3663 1053 3752 Ματρινιτίσσης
1070 3666 1123 3740 διό
1138 3687 1171 3730 τε
1189 3665 1390 3752 ἀμπελώνων,
1406 3688 1522 3753 χωρα-

252 3793 340 3879 ρίων,
357 3797 416 3876 γῆς
432 3787 554 3876 ὀρεινῆς
576 3793 633 3854 καί
655 3789 793 3876 πεδινῆς,
820 3790 958 3875 μυλικων
983 3788 1197 3877 ἐργαστηρίων
1219 3793 1276 3855 καί
1292 3801 1351 3855 τῶν
1373 3811 1524 3875 προσκα-

254 3901 405 4002 θημένων
428 3910 461 3978 έν
490 3909 597 3986 αύτοῑς
626 3910 817 3997 ἀνθρώπων,
840 3914 918 3998 πρός
945 3913 980 3976 δὲ
1004 3915 1239 4001 συνηρίθμηται
1273 3915 1395 3986 τούτοις
1421 3919 1483 3978 καί
1506 3913 1524 3980 ὁ

254 4035 345 4118 ἅγιος
372 4036 557 4126 Ὀνούφριυς
585 4039 737 4122 μετόχιυν
766 4047 804 4123 τη
833 4013 963 4122 τοιαύτη
990 4044 1205 4124 πατριαρχικη
1235 4049 1316 4124 μονη
1347 4037 1523 4123 λογιζόμε-

251 4181 318 4239 νον,
353 4161 503 4247 πρόσεστι
536 4161 635 4246 ταύτη
664 4163 719 4223 καί
745 4155 766 4246 ἡ
795 4158 904 4233 ἄνετος
929 4157 1082 4246 ἀρόοιμος
1105 4169 1145 4246 γῆ
1168 4157 1189 4248 ἠ
1215 4159 1359 4247 έγχωρίφ
1386 4161 1522 4249 γλώσση

250 4281 415 4359 Καλίτζας
439 4281 672 4370 δνομαίυμένη·
696 4287 885 4350 συνάπτεται
911 4285 1010 4370 ταύτη
1037 4287 1093 4347 καί
1117 4285 1152 4347 τό
1175 4289 1292 4371 χωρίον
1322 4279 1343 4371 η
1370 4283 1523 4370 Κρυπυύς

253 4412 333 4496 μετὰ
367 4409 490 4475 πάντων
525 4417 585 4473 τῶν
613 4409 744 4473 δικαίων
778 4412 834 4474 καί
867 4412 1043 4494 προνομίων
1077 4411 1133 4472 καί
1161 4417 1221 4473 των
1254 4409 1311 4473 δύο
1340 4410 1524 4494 μονοξύλων

254 4529 350 4600 αύτοό
373 4537 430 4598 καί
453 4542 513 4596 τῶν
537 4529 661 4610 ἁλιέων,
685 4536 864 4620 χωραρίων,
889 4529 1050 4618 ἀρπελίων
1073 4535 1130 4596 καί
1154 4541 1208 4618 τῆς
1231 4530 1409 4618 νεμομένης
1431 4537 1523 4618 παρὰ

254 4665 308 4744 της
338 4657 483 4746 τοιαύτης
509 4664 606 4740 μονῆς
630 4663 689 4740 γης
713 4652 836 4746 δρτινης
856 4657 912 4725 καί
934 4657 1062 4746 πεδινῆς
1089 4653 1150 4731 έως
1176 4664 1229 4745 τῆς
1250 4655 1519 4743 Ἀειδαρυρύχης.
