3238 5282
312 265 376 334 398

311 458 354 533 ὡς
383 457 548 545 ἀλλότριοι
575 463 632 524 καί
658 461 874 547 παρεπίδημυι
903 460 957 550 ἀφ’
980 457 1070 549 ἡμῶν
1094 457 1321 548 ύξωνὴσασθαι
1344 460 1472 546 ταύτην.
1494 457 1601 522 ἰθύν-ί

311 605 362 656 τες
387 579 442 648 υύν
465 585 520 648 καί
541 581 632 672 ἡμεῖς
655 585 711 671 τῆν
735 579 938 671 ιύδιάκριτον
961 588 1017 650 καί
1035 576 1195 671 λλεὴμονα
1216 585 1277 650 καί
1301 581 1432 668 ἆγαθὴν
1456 588 1582 667 γνώμην

311 706 367 772 καὶ
400 711 580 793 προαίρεσιν
615 704 700 795 ὑμῶν
729 713 784 774 καί
814 705 862 773 ὅτι
897 707 966 773 ἐπεί
994 681 1156 794 άνιγόρσει
1189 711 1285 780 θείας
1316 711 1372 771 καί
1404 707 1582 792 σεβασμίας

312 841 410 918 μονῆς
436 831 652 919 προεκρίθητε
676 833 731 920 τὴν
755 833 960 920 δηλωθείσαν
985 836 1095 898 στάσιν
1119 829 1207 918 ἡμῶν
1237 830 1481 919 ἐξωνήσασθαι,
1504 849 1584 913 παρ-

311 956 408 1030 ευθύς
435 961 492 1020 καί
527 965 564 1020 ἐκ
598 959 724 1044 πρώτης
758 953 844 1043 όμύν
881 955 1066 1045 ἐρωτήσεως
1101 957 1306 1044 συνήλθομεν
1340 954 1383 1040 τῷ
1420 955 1601 1040 θελῆματπ

311 1078 396 1166 ύμύν
426 1078 557 1146 ἐνώπιον
580 1085 720 1146 καὶτῶν
743 1083 930 1167 κρειττόνων
958 1077 1040 1146 ὅλων
1069 1078 1205 1146 ἐποίκων
1233 1089 1289 1168 τῆς
1316 1080 1581 1165 Δρυανουβαίνης,

312 1203 486 1290 ἱερωμένων
503 1226 547 1281 τε,
572 1207 770 1290 μοναίόντων
786 1208 843 1270 καί
866 1205 987 1270 λαίκτδν
1001 1207 1060 1270 καί
1083 1201 1160 1291 ὅπερ
1177 1201 1218 1269 ἂν
1240 1201 1331 1292 ἡμεῖς
1353 1203 1436 1290 ’μετὰ
1459 1202 1581 1286 πολλῆς

310 1339 369 1414 τῆς
390 1333 534 1416 σκίψεως
552 1332 608 1392 καί
632 1333 855 1416 συντηρὴσεως
878 1330 1079 1418 όξητὴσαμιν
1102 1325 1157 1417 ἀρ’
1179 1324 1265 1415 ύμύν
1289 1331 1385 1415 χάριν
1405 1327 1581 1396 παντελοῦς
1600 1345 1601 1352 ’

310 1457 514 1541 διαπράσεως
549 1461 606 1540 τῆς
628 1455 778 1542 τοιαύτης
813 1451 892 1541 ὅλης
914 1449 1004 1540 ἡμῶν
1028 1455 1187 1531 στάσεως,
1203 1419 1365 1539 ’δηλονότι
1400 1454 1601 1536 νομίσματα

311 1574 469 1665 ύπέρπυρα
502 1577 642 1656 δώδεκα,
678 1575 896 1658 ἐξενεγκόντες
929 1581 1119 1664 παραυτίκα
1141 1575 1205 1643 ἀπό
1233 1583 1290 1642 τού
1317 1577 1471 1660 κιβωτίου
1501 1569 1601 1660 ὑμῶν

309 1703 473 1768 δεδώκατε
500 1699 574 1790 ἡμῖν
608 1705 649 1768 τά
681 1707 813 1768 τοιαύτα
847 1701 976 1767 δύδεκα
1010 1705 1192 1788 νομίσματα
1227 1697 1387 1786 ὑπέρτερα
1422 1709 1495 1764 σύα
1528 1703 1581 1762 καὶ

310 1824 461 1914 ἀνελλιπῆ
491 1823 625 1914 ἀληθῶς
647 1829 704 1892 καί
727 1825 806 1912 δίχα
836 1823 1031 1913 ἀναργυρίας
1054 1823 1259 1912 οἱασδήτινος
1281 1823 1413 1890 ἐντόπιον
1441 1826 1503 1888 καί
1523 1819 1601 1886 τού

309 1951 479 2036 ἱερωτάτου
503 1949 679 2038 ἀρχιερέως
700 1945 790 2038 ἡμῶν
813 1952 870 2014 καί
890 1947 1178 2035 τρωτοσυγκόλλου
1200 1956 1257 2014 τού
1279 1947 1506 2035 Δημητρίσδος
1528 1951 1601 2011 καὶι

308 2077 481 2162 Ἁλμυρού,
516 2077 615 2161 κυρού
641 2071 792 2161 Μιχαὴλ,
826 2077 883 2138 καί
909 2077 1033 2140 πάντων
1062 2081 1122 2138 των
1145 2074 1295 2138 κάτωθεν
1323 2069 1517 2160 ὀφειλόντων
1543 2070 1601 2142 δι’,

308 2197 497 2289 ὑπογραφῶν
524 2187 582 2264 καί
609 2207 849 2287 συγνογραριῶν
878 2195 982 2263 αύτύν
1011 2197 1186 2282 βεβαιῶσαι
1209 2197 1244 2263 τύ
1271 2197 1374 2282 παρόν
1400 2193 1494 2283 ἡμῶν
1517 2193 1580 2259 όνυ-

307 2329 472 2412 πύγραρον
509 2323 684 2409 ίγγραρυν,
720 2319 742 2386 ἃ
773 2321 814 2409 δὴ
848 2321 978 2388 δύδεκα
1011 2317 1171 2408 ύπίρπυρα
1198 2321 1254 2386 καί
1282 2317 1346 2386 ἀπό
1373 2329 1434 2384 τύν
1465 2327 1580 2406 χειρῶν

310 2471 376 2530 σου,
402 2455 457 2513 τού
473 2447 764 2526 παντυγενεστάτου
787 2443 968 2532 Κυμνηνού,
993 2439 1039 2519 τίς
1063 2446 1120 2518 τάς
1143 2440 1301 2531 ἡμετόρας
1323 2453 1438 2532 χεῖρας
1461 2442 1601 2529 λαβόν-1

310 2596 360 2645 τες
383 2574 470 2637 κατὰ
493 2569 804 2658 τύάπαράλειττυν,
828 2565 871 2643 ύς
894 2569 1086 2658 δεδήλωται,
1108 2569 1385 2656 παραδεδώκαμεν
1408 2571 1465 2634 καί
1493 2565 1578 2656 ἡμεῖς

305 2696 496 2762 ἀπεντεύθεν
523 2699 579 2761 καί
607 2693 670 2760 αἰπύ
697 2703 753 2782 τῆς
781 2697 920 2782 σὴμερον
943 2696 1024 2780 πρός
1047 2688 1132 2780 ύμάς
1158 2691 1233 2768 τούς
1260 2695 1568 2774 πανευγενεστάτυυς

304 2819 480 2906 όμούύγυυς
507 2821 563 2886 καί
585 2821 663 2904 πρός
686 2819 723 2884 τό
747 2813 822 2884 όλυν
846 2822 941 2906 μόρος
968 2822 1024 2884 καί
1048 2821 1139 2898 γίνος
1163 2813 1249 2904 ὑμῶν
1277 2821 1335 2883 καί
1358 2814 1475 2892 αύτούς
1499 2817 1569 2887 τούς

303 2949 470 3018 παντοίους
493 2944 713 3030 κληρονόμους
735 2947 792 3008 καί
815 2943 991 3029 διαδόχους
1019 2937 1104 3028 ὑμῶν
1128 2946 1185 3008 καί
1206 2945 1284 3030 πρός
1306 2943 1362 3030 τὴν
1386 2947 1463 3026 παρ’
1488 2937 1569 3027 όμκύν

305 3073 359 3137 σύν
383 3067 454 3156 θειρ
469 3067 769 3156 άντγιρθησυμόνην
793 3065 891 3153 μονὴν
914 3073 970 3132 τού
994 3065 1182 3154 Προδρόμυυ
1206 3067 1260 3154 τὴν
1283 3077 1389 3132 πάσαν
1412 3069 1471 3132 καί
1494 3087 1570 3131 παν-

304 3196 393 3260 τοίαν
421 3183 531 3260 στάσιν
554 3189 644 3280 ἡμων
667 3192 723 3280 τὴν
746 3199 802 3258 τού
825 3190 1034 3278 Ἀρχοντίτζη
1059 3189 1158 3278 ἀτελῆ
1187 3193 1289 3279 πάντη
1316 3193 1373 3256 καὶ
1396 3188 1569 3275 ἐλευθέραν
1600 3275 1601 3286 ἡ

304 3307 360 3384 καί
383 3324 481 3406 χωρίς
509 3337 592 3390 τινος
616 3317 725 3390 πόλους
748 3319 805 3382 καί
839 3316 962 3390 δόσεως
987 3319 1066 3402 μετά
1094 3319 1217 3380 πάντων
1245 3317 1301 3380 καί
1327 3317 1485 3380 παντοίων
1513 3323 1569 3377 τῶν

304 3438 448 3530 ἀρχαίων
482 3445 538 3505 καί
561 3441 692 3505 δικαίων
716 3443 772 3505 καί
806 3439 975 3525 διονομίων
1004 3433 1115 3526 αύτῆς,
1151 3437 1249 3526 ἤγουν
1273 3447 1332 3526 γῆς
1355 3437 1492 3525 δρεινῆς,
1515 3457 1568 3501 ττ-

304 3567 423 3653 δεινῆς,
448 3565 652 3650 νομαδιαίας,
676 3573 776 3651 νομῆς
798 3557 916 3635 ύδατυς
938 3571 993 3628 τού
1018 3563 1132 3649 μύλου,
1158 3561 1314 3650 ἀροσίμού
1337 3569 1411 3648 γῆς,
1435 3561 1568 3646 δόνδρων

304 3689 513 3776 όπωρυφόρων
540 3691 596 3752 καί
625 3683 811 3773 ἀμπελῶνος
839 3683 1009 3766 όλιγυστού
1036 3683 1239 3773 ἀτημελῆτου
1266 3689 1324 3752 καί
1351 3684 1465 3772 ἑτέρων
1492 3707 1568 3752 παν-

303 3819 393 3878 τοίων
421 3811 553 3876 δικαίων
582 3819 642 3874 τῶν
670 3809 881 3898 διαφερόντων
909 3807 943 3886 le
971 3807 1119 3896 ἀρχῆθεν
1147 3819 1186 3896 τῆ
1221 3809 1352 3896 τοιαύτη
1383 3812 1505 3889 στάσει,
1533 3809 1567 3894 ῆν
1600 3829 1601 3832 “

302 3933 341 4022 δὴ
370 3939 482 4002 στάσιν
516 3935 572 4000 καί
599 3931 742 4022 όφείλετε
776 3937 926 4020 κατέχειν
961 3929 991 3998 οἱ
1017 3937 1304 4013 πανευγενόστοιτυι
1326 3931 1480 4020 δμόίυγυι
1515 3933 1567 3997 σύν

302 4075 366 4136 τοῖς
399 4065 561 4133 παντοίοις
588 4057 802 4145 κληρονόμοις
837 4051 923 4143 ύμύν
953 4057 1010 4122 καλ
1037 4057 1093 4122 σύν
1120 4057 1164 4144 τῷ
1197 4061 1287 4144 μόρει
1321 4058 1390 4144 τῆςΙ
1412 4051 1567 4143 ρηθείσης

306 4195 403 4272 μονῆς
431 4191 486 4250 τού
510 4181 699 4268 Προδρόμυυ
725 4189 782 4268 τῆς
804 4177 891 4254 Νόας
915 4179 1039 4267 Πάτρας
1062 4177 1160 4268 ἀτελῆ
1185 4183 1287 4268 πάντη
1314 4179 1370 4246 καί
1393 4179 1566 4267 ἐλευθέραν

305 4311 366 4374 ἀπό
395 4315 450 4373 τού
473 4313 526 4374 νύν
549 4309 606 4372 καί
629 4305 674 4380 τίς
698 4307 733 4371 τύ
757 4303 828 4393 όξῆς
850 4305 906 4370 καί
929 4307 1042 4391 μίχρις
1065 4301 1104 4370 ἂν
1127 4307 1162 4369 τό
1185 4313 1247 4370 τάν
1276 4305 1485 4391 περιίσταται,
1509 4327 1564 4370 κυ-

296 4425 387 4518 ρίως,
424 4425 621 4505 αύθεντικῶς
655 4433 711 4495 καί
741 4427 993 4505 ἀνεπικωλύτως,
1027 4425 1120 4516 ἡμεῖς
1153 4429 1189 4494 δὲ
1226 4427 1256 4494 οἱ
1290 4427 1565 4517 ἀναγεγραμμένοι

305 4557 456 4641 όμόζυγοι
491 4553 547 4620 σύν
570 4565 634 4627 τοῖς
656 4557 762 4619 παισὶν
795 4549 962 4640 ἡμῶνκαὶ
986 4563 1049 4627 τοῖς
1076 4559 1237 4628 παντοίοις
1272 4555 1487 4640 κληρονόμοις
1514 4555 1566 4618 καὶ

304 4681 469 4764 διαδόχοις
503 4675 591 4764 ἡμῶν
615 4676 783 4780 δρείλομεν
808 4675 888 4742 εἶναι
911 4677 993 4752 ξένοι
1027 4681 1082 4742 καί
1109 4673 1273 4762 ἀλλότριοι
1297 4689 1352 4766 τῆς
1387 4687 1487 4764 νομῆς
1513 4677 1566 4743 καὶ
