3190 5284
549 565 612 629 XX.
631 564 861 636 &fio-1242,
879 579 984 626 ιιιυιιευ
1002 558 1120 634 martio,
1140 555 1202 621 ind.
1222 553 1243 620 Ι.

258 715 404 768 Μακίστου
429 724 454 766 et
474 713 609 768 Βασίίίιιο
629 712 771 766 Ρίσιιοόοιι
790 712 961 764 monasterio
982 709 1092 761 άοκαοί
1116 723 1230 774 campos
1251 713 1276 757 ee
1294 701 1408 756 arbom
1425 701 1454 751 in
1471 700 1525 750 vico

814 834 967 889 Mamaea.

259 988 370 1070 ῆΤδ
408 987 689 1071 ἐκδοτῆριυν
726 989 913 1070 γράμμα
953 992 1030 1046 τοῦ
1070 986 1281 1067 μοναχοῦ
1320 973 1527 1058 Μαξίμου

348 1119 424 1174 τοῦ
460 1109 706 1194 Πλανῆτου
741 1111 816 1170 καί
853 1117 930 1169 τοῦ
967 1102 1267 1208 αδταδὲλφου
1302 1094 1444 1163 αὐτοῦ

732 1229 993 1294 Βασιλείου
1028 1232 1089 1306 †..

348 1345 624 1446 ΣίγνονίΜαΕίμου
758 1351 869 1431 Σίγνυν
1009 1349 1194 1446 ίΒασιλείου

1056 1439 1526 1457 Μ-

258 1449 1078 1571 W&
1100 1469 1300 1557 αδταδὲλφου
1325 1464 1433 1532 αιίτοῦ.

347 1599 444 1680 γἘν
469 1597 601 1684 δνόματι
624 1607 679 1662 τοῦ
702 1601 821 1684 πατρὸς
844 1601 901 1662 καὶ
925 1605 979 1662 τοῦ
1004 1595 1072 1662 υἱοῦ
1101 1599 1156 1660 καί
1185 1602 1239 1658 τοῦ
1269 1590 1362 1670 άγίου
1390 1591 1524 1671 πνεῦμα·

258 1727 396 1795 τος·καί
424 1731 479 1808 τῆς
510 1728 625 1808 κυρίως
652 1725 709 1786 καί
742 1720 876 1806 άληθῶς
900 1717 1115 1804 ῦπερενδόξου,
1144 1714 1440 1801 ῦπερευλογημίνης
1475 1712 1524 1774 δτι

256 1850 386 1932 σποίνης
406 1842 495 1933 ἡμῶν
512 1849 670 1910 θεοτόκου
687 1848 742 1908 καὶ
759 1843 974 1929 ἀειπαρθὲνου
989 1841 1127 1928 Μαρίας.
1150 1841 1200 1906 ἐπὶ
1216 1849 1271 1925 τῆς
1289 1837 1453 1922 βασιλείας
1470 1845 1527 1896 τῶν

257 1963 494 2052 εὐσεβεστάτων
510 1973 567 2032 καί
584 1966 621 2032 ἐκ
638 1971 718 2032 θεοῦ
731 1965 929 2053 ἐστεμμὲνων
945 1967 1204 2051 κοσμοποθῆτων
1218 1959 1381 2026 αὐθεντῶν
1399 1962 1455 2022 καί
1474 1960 1531 2040 βα-

260 2093 373 2157 σιλέων
388 2087 486 2178 ἡμῶν,
511 2099 608 2177 κυροῦ
625 2087 770 2156 Ἰωάννου
794 2099 848 2161 τοῦ
870 2089 977 2155 Δοῦκα
1001 2088 1058 2154 καὶ
1072 2077 1204 2173 Ἄννης,
1225 2085 1370 2170 Μάξιμος
1387 2082 1528 2168 μοναχός

253 2212 277 2300 Ιί)
297 2213 468 2300 Πλανῆτης
489 2218 544 2277 καί
567 2213 748 2294 Βασίλειος,
775 2211 924 2277 δτούτου
949 2208 1158 2298 αῦτάδελφος,
1185 2210 1231 2274 ἔτι
1254 2210 1290 2272 δὲ
1314 2209 1371 2270 καὶ
1391 2201 1412 2292 ἡ
1432 2207 1530 2290 μήτηρ

263 2331 364 2423 ἡμῶν,
389 2334 419 2399 οἱ
442 2335 566 2400 ἄνωθεν
591 2337 663 2408 τοῦς
686 2342 806 2421 τιμίους
830 2339 885 2399 καί
910 2336 1083 2408 ίωοποιοῦς
1109 2333 1262 2418 σταυροὺς
1286 2329 1420 2401 οἰκείαις
1444 2327 1531 2412 χερσί

264 2463 584 2545 σιγνογραφῆσαντες,
615 2462 669 2542 τῆν
696 2467 861 2542 παροῦσαν
890 2458 1049 2544 ἔγγραφον
1077 2461 1133 2522 καί
1168 2455 1383 2540 ἑνυπόγραφον
1421 2449 1529 2530 ἁπλῆν,

265 2579 509 2666 ἀμετάτρεπτον,
536 2579 759 2660 ἀναλλοίωτον,
785 2585 937 2666 καθαρὰν
957 2583 1134 2666 προσίνεξιν
1159 2588 1214 2644 τοῦ
1238 2579 1438 2665 γραφομένου
1460 2573 1529 2638 ἀκι-

264 2707 360 2790 νῆτου
394 2708 581 2788 πράγματος
609 2702 708 2792 ἡμῶν,
743 2716 849 2770 πᾶσαν
878 2707 934 2791 τῆν
963 2703 1083 2768 ἐκτῶν
1117 2703 1318 2786 πανευσεβῦν
1353 2703 1410 2763 καί
1437 2701 1531 2761 θείων

266 2830 370 2912 νόμων
392 2825 486 2912 ίσχῦν
510 2831 566 2890 καί
589 2827 721 2913 δύναμιν
747 2828 887 2914 ἔχουσαν
910 2831 966 2892 καί
983 2827 1139 2913 μηδαμῶς
1161 2828 1237 2890 ποτὲ
1261 2821 1364 2908 καιρηί
1386 2819 1406 2907 ἢ
1431 2823 1532 2906 χρόνῳ

267 2947 485 3035 ἀνατραπῆναι
509 2947 741 3036 δφείλουσανῆ
772 2948 992 3035 ἀλλοιωθῆναι
1018 2946 1039 3035 ἢ
1067 2945 1211 3014 ὁπωσοῦν
1237 2946 1532 3032 παρασαλευθῆναι,

266 3068 303 3136 οδ
332 3067 404 3156 παρ’
433 3068 521 3158 ἡμῶν
556 3067 656 3135 αἰετῶν
685 3081 746 3135 τῶν
779 3075 1072 3157 προσενεγκάντων,
1102 3067 1139 3135 οίυ
1166 3073 1253 3156 παρά
1281 3089 1363 3142 τινος
1391 3078 1452 3131 τῶν
1480 3073 1531 3130 τοῦ

267 3192 381 3279 μίρους
411 3191 526 3279 [ἡμῶν]
556 3197 611 3258 καί
639 3205 698 3258 τῶν
721 3195 928 3280 κληρονόμων
952 3199 1008 3260 καί
1042 3195 1204 3280 διαδόχων
1242 3189 1344 3280 ἡμῶν,
1386 3186 1422 3256 οδ
1461 3183 1530 3272 παρ’

267 3316 375 3402 ίτὲρου
404 3314 599 3401 οίουδῆτινος
634 3327 693 3381 τῶν
722 3313 867 3380 ἁπάντων
889 3315 972 3380 ίδίυυ
1006 3313 1174 3402 ἡμῶνκαὶ
1212 3321 1398 3396 συγγενικοῦ
1432 3334 1530 3398 προσ-

268 3443 355 3502 ώπου
388 3436 409 3524 ἢ
440 3435 607 3523 ἀλλοτρίου
642 3435 721 3503 καθ’
751 3437 928 3524 οίονδῆτινα
955 3443 1070 3524 τρόπον
1100 3438 1259 3527 ἔγγραφον
1286 3437 1307 3526 ἢ
1336 3437 1480 3525 ἄγραφον
1513 3432 1531 3519 ἢ

268 3561 402 3646 νομικὴν
433 3559 527 3646 ἱσχῦν
555 3563 611 3625 καί
634 3561 800 3648 βοήθειαν,
830 3559 992 3647 τιθέμεθα
1020 3567 1077 3626 καί
1110 3571 1261 3648 ποιοῦμεν
1296 3559 1450 3634 ἑκουσίως
1480 3563 1533 3622 καί

269 3681 520 3770 ἀμεταμελῆτως
548 3687 604 3748 καί
632 3679 691 3747 οῦκ
722 3683 759 3748 ἔκ
788 3703 870 3757 τινος
898 3685 1043 3770 ἀνάγκης
1071 3682 1091 3771 ἢ
1121 3687 1192 3769 βίας
1219 3683 1240 3772 ἢ
1270 3687 1370 3772 φόβου
1392 3682 1414 3770 ῆ
1437 3683 1532 3746 δόλου

267 3805 288 3894 ἢ
315 3815 509 3894 περιγραφῆς
536 3803 557 3894 ῆ
587 3803 832 3894 συναρπαγῆςῆ
861 3801 1066 3892 ῥᾳδιουργίας
1099 3803 1120 3894 ἢ
1147 3805 1288 3880 ίδιυτίας
1314 3803 1335 3894 ἢ
1364 3803 1487 3892 ἀπάτης
1514 3801 1533 3889 ἦ

267 3930 390 4014 πλάνης
418 3927 439 4016 ἢ
468 3931 587 4015 χλεύης
616 3927 635 4014 ἢ
662 3939 811 4015 μηχανῆς
834 3927 854 4016 ἢ
878 3935 1013 4016 νομίμου
1037 3935 1093 3994 καί
1117 3935 1239 4017 φάκτου
1275 3927 1407 4008 ἀγνοίας
1434 3927 1455 4016 ἢ
1479 3929 1533 3992 δυ-

267 4057 416 4124 ναστείας
445 4049 638 4138 ἀρχυντικῆς
666 4050 686 4138 ἦ
716 4050 817 4137 ἄλλης
845 4054 926 4125 τινος
955 4051 1059 4126 αίτίας
1088 4051 1239 4138 ἐπιψόγου
1267 4061 1324 4140 τῆς
1348 4063 1407 4117 τῶν
1431 4055 1533 4138 νόμιον

269 4171 559 4259 ἀπυτττραμμίνης,
584 4172 668 4238 ἀλλὰ
684 4175 739 4238 σῦν
763 4177 926 4259 προθυμίη
948 4179 1049 4259 πάση,
1073 4173 1222 4260 όλοψῦχιρ
1246 4195 1279 4239 τε
1303 4177 1458 4260 προθέσει
1481 4177 1534 4238 καί

265 4297 370 4383 πολλῆ
394 4307 433 4384 τῆ
458 4294 606 4383 ἀττυδοχῆ
629 4299 686 4360 καί
709 4293 871 4382 ἁπλότητι,
900 4299 1014 4382 χρονία
1036 4319 1070 4360 τε
1094 4307 1133 4383 τῆ
1155 4297 1323 4382 διασκίφει
1350 4301 1408 4362 καί
1435 4320 1532 4384 μεμε-

121 4443 132 4462 s
266 4424 446 4506 ριμνημὲνῳ
468 4419 578 4506 σκοπῷ
604 4423 660 4483 καί
683 4421 785 4503 τρόπῳ
809 4421 885 4503 πρὸς
909 4423 957 4497 σὲ,
983 4421 1034 4484 τὸν
1058 4423 1294 4484 πανοσιάτατον
1322 4421 1533 4506 καθηγούμε-

268 4561 321 4606 νον
344 4552 401 4630 τῆς
424 4541 602 4628 σεβασμίας
628 4541 795 4628 βασιλικῆς
819 4545 875 4606 καί
898 4539 993 4621 άγίας
1017 4551 1116 4627 μονῆς
1140 4551 1196 4627 τῆς
1219 4546 1459 4628 πανυπεράγνου
1481 4544 1534 4606 δε-

270 4667 399 4750 σποίνης
414 4661 502 4750 ἡμῶν
525 4666 684 4729 θεοτόκου
701 4671 756 4748 τῆς
779 4661 1022 4750 Λεμβιωτίσσης
1039 4663 1199 4750 ἐγχωρίως
1223 4663 1458 4752 ἐπιλεγομένης,
1475 4673 1533 4750 κῦρ
