3140 5284
302 293 365 357 190

298 507 368 565 των,
395 493 450 548 τοῦ
476 507 509 548 το
533 484 715 572 Φαηομόδη
739 493 838 570 κυρού
855 483 1109 566 Κωνυτανιίνυυ,
1134 492 1189 548 τού
1213 483 1486 570 καοτρορύλοικος
1510 503 1564 547 κο·

298 617 355 694 ρυῦ
379 609 606 696 Θιυρυλάκτυο
629 617 685 674 τού
701 607 920 695 Βραχιονίτου,
946 614 1001 673 τού
1025 615 1124 694 κορού
1146 607 1309 675 Ἰσαακίου
1331 615 1387 673 του
1409 606 1564 692 Λτβούνη,

300 743 360 797 τῶν
384 734 556 816 βασιλικῶν
581 735 794 818 βιυτιαριτων,
818 741 874 798 τού
898 733 1030 799 Καπνοῠ
1053 739 1153 817 κορού
1177 731 1335 811 Ἀλεξίου,
1359 739 1415 796 τού
1440 731 1564 798 Καδια-

298 864 353 921 νού
381 865 480 942 κορυύ
508 855 656 948 Νικήτα,Ι
686 863 742 921 πού
771 853 972 946 αύταδίλροο
1001 851 1113 934 αὐτοῦ,
1146 865 1246 942 κυρού
1273 851 1421 942 Μιχαήλ,
1453 853 1503 920 ὅτι
1530 859 1564 920 τὰ

298 983 450 1068 χωράφια
464 987 529 1044 τού
552 978 759 1066 Δημοσιοίτοο
781 987 938 1066 ποταμοῦ,
964 977 1056 1044 ἅτινα
1076 981 1322 1066 κατεκράτησαν
1346 975 1363 1043 6
1385 985 1564 1066 μακαρίτης

301 1105 535 1191 μητροπολίτης
559 1103 715 1190 Σμύρνης,
752 1101 769 1169 ὁ
804 1103 977 1190 Παρδίνης
998 1111 1090 1190 κύρις
1117 1103 1364 1177 Κωνσταντῖνος,
1399 1103 1458 1188 τήν
1494 1100 1564 1189 ύλην

299 1249 361 1312 μου
390 1229 506 1313 μερίδα
543 1226 574 1302 ἐξ
602 1225 769 1312 ἀκεραίου,
805 1227 892 1315 καλή
920 1239 959 1314 τη
988 1231 1092 1292 πίυτοι
1119 1231 1176 1292 καί
1203 1229 1303 1314 χωρίς
1330 1245 1414 1300 τινος
1448 1225 1564 1314 βίαςή

298 1351 486 1423 ύποίλίσεως
512 1350 713 1436 οἱασδήτινος
736 1353 894 1436 διίπραυα
909 1353 989 1437 πρδς
1013 1353 1067 1416 τδν
1092 1349 1307 1438 ἀποιχόμενον
1330 1349 1455 1416 ίκείνον
1478 1361 1564 1435 κῦρον

302 1475 472 1541 Βασίλειον
492 1477 546 1539 τὸν
565 1473 737 1560 Βλατιρύν,
761 1477 818 1539 καί
842 1477 877 1540 τύ
893 1478 1069 1562 κρατήρων
1094 1475 1253 1564 ἔγγραφον
1276 1477 1312 1540 τύ
1337 1477 1473 1554 γεγονὸς
1495 1467 1564 1558 παρ’

299 1596 377 1684 ἐμοῦ
399 1621 433 1663 τε
457 1603 514 1662 καί
536 1607 592 1663 τού
617 1602 734 1685 μίμους
757 1619 818 1684 μου
840 1601 918 1684 πρὸς
942 1602 996 1664 τὸν
1019 1565 1242 1688 διαληφίίίνύα
1261 1598 1426 1684 Βλατυρύν
1448 1597 1564 1664 ἐκεῖνον

298 1731 389 1808 κύριν
412 1721 594 1801 Βασίλειον,
617 1731 782 1810 προτροπή
810 1720 952 1810 ήμετίρορ
976 1723 1096 1812 γραφὲν
1118 1726 1208 1808 παρὰ
1229 1729 1285 1788 τοῦ
1307 1726 1564 1810 χρηματίσαντος

300 1844 479 1932 ἀρχιερέως
506 1843 714 1932 Σωσάνδρου,
747 1853 844 1932 κσρού
872 1846 1112 1913 Κωνσταντίνου
1138 1851 1195 1912 τού
1221 1845 1362 1926 Ξανδού,
1386 1851 1446 1910 καί
1473 1845 1564 1910 τὰίν

299 1967 384 2055 αύτῷ
407 1950 590 2057 δηλούμενα
614 1969 715 2035 τίκοσι
733 2019 739 2036 .
758 2021 791 2036 ..
822 1979 891 2035 σῶα
913 1975 970 2036 καί
994 1969 1145 2057 ἀνελλιπῆ
1170 1971 1288 2054 ἔλαβον
1311 1969 1374 2036 ἀπὸ
1397 1977 1455 2034 τού
1478 1971 1562 2037 Βλα-

298 2103 389 2180 ττρού
405 2098 461 2158 καί
485 2102 539 2158 τού
564 2099 680 2180 μέρους
698 2092 821 2159 ἐκείνου
837 2099 894 2160 καί
918 2093 961 2168 ίις
976 2085 1137 2181 αύύίντης
1159 2097 1217 2159 καί
1232 2093 1436 2181 κληρονόμος
1451 2096 1508 2158 καί
1524 2093 1563 2178 μή

300 2217 386 2304 ἔχειν
419 2216 578 2305 οίιρδήτινι
603 2221 763 2304 προσώπῳ
792 2216 966 2297 ἀναγκαῖον
994 2216 1039 2290 οίς
1065 2221 1105 2282 τὰ
1133 2225 1265 2282 τοιαῦτα
1291 2221 1459 2306 χωράρια,
1488 2213 1563 2281 ούτοι

297 2343 456 2428 διίπραυα
479 2351 588 2408 ταῦτα.
612 2339 669 2407 καί
693 2339 840 2430 ήδέληυσ
858 2345 916 2408 καί
940 2341 987 2406 ίτι
1010 2339 1027 2408 6
1048 2343 1193 2429 γαμβρὸς
1217 2351 1272 2408 τού
1287 2341 1457 2428 Βλατσρού
1482 2343 1564 2406 ἐκτί-

296 2487 360 2544 νοο,
390 2463 407 2532 6
435 2463 703 2553 Ῥαβδυκανοίκης
728 2473 820 2552 κύρις
847 2463 1007 2553 Ἰωάννης,
1030 2469 1088 2531 καί
1116 2465 1163 2531 ἔτι
1196 2463 1280 2554 δήλη
1309 2469 1465 2546 γτνίσδαι
1494 2459 1564 2550 παρ’

295 2587 384 2676 ἡμῶν
412 2585 432 2677 ἡ
460 2597 522 2654 τῶν
550 2594 724 2678 χωραρίων
750 2587 923 2676 ὁμολογία,
953 2588 1072 2678 ήνκαί
1094 2592 1232 2677 ποιήσας
1255 2591 1409 2676 καθαρὰν
1436 2565 1564 2654 ίνοίπιον

294 2719 350 2778 τού
372 2715 452 2778 δευύ
477 2711 665 2779 ἐπιδέδωκα.
689 2715 769 2798 πρύς
792 2711 842 2778 ίπί
866 2715 990 2788 τούτοις
1008 2711 1167 2800 ὁμολογῶ,
1192 2711 1241 2778 δτι
1263 2717 1320 2779 καί
1343 2711 1372 2778 οἱ
1395 2711 1558 2800 ίξάδελροί

295 2857 355 2923 μου
379 2836 409 2903 οί
424 2837 690 2921 Γοοναράπουλυι,
714 2833 882 2924 ύΜιχαήλ
904 2841 962 2902 καί
985 2834 1002 2902 6
1026 2835 1181 2924 Ἰωάννης,
1202 2833 1322 2926 ήκουον
1346 2837 1385 2902 ίκ
1408 2847 1467 2904 τού
1491 2835 1563 2902 στί-ί

295 2979 396 3047 ματος
423 2957 527 3026 αύτῶν
554 2965 635 3046 μετὰ
663 2963 699 3026 τύ
723 2961 900 3046 διαπρᾶσαι
928 2959 985 3047 ἐμὲ
1009 2964 1204 3026 τὰτοιαῦτα
1228 2962 1380 3050 χωράφια
1408 2967 1488 3048 πρδς
1510 2939 1563 3026 τύύ

295 3083 467 3169 Βλατιρύν,
496 3081 544 3149 ὅτι
578 3082 642 3172 ἤδη
670 3087 727 3148 καί
761 3081 852 3171 ήμυίς
888 3085 1046 3172 μίλλομιν
1080 3085 1258 3172 διαπράσαι
1292 3095 1394 3152 ταῦτα
1420 3087 1500 3173 πρὸς
1525 3087 1557 3150 τύ

294 3217 436 3272 τυιυύτον
451 3211 628 3292 πρόσωπον,
653 3212 709 3274 καί
734 3207 778 3282 τίς
801 3209 940 3296 δήλωσιν
956 3215 1012 3296 τῆς
1034 3211 1184 3296 τοιαύτης
1200 3207 1378 3295 ὁμολογίας
1399 3213 1457 3297 τήν
1479 3231 1555 3294 παρ-

295 3339 393 3395 ούοαν
437 3335 612 3416 μαρτυρίαν
651 3329 844 3416 δειδίμεθα.
886 3333 996 3418 μηνὶ
1032 3329 1277 3420 αύηυύσειρ
1308 3333 1389 3402 ίνδ.
1425 3333 1451 3398 α’
1485 3339 1553 3397 τού

303 3452 398 3540 ςψμ
422 3453 438 3517 ἕ
451 3475 556 3527 τους
579 3452 709 3520 ἐνύπιον
733 3463 793 3518 τῶν
817 3450 1060 3542 ὑπογραφόντων
1085 3458 1250 3542 μαρτύρων
1274 3461 1304 3539 †.
1561 3441 1562 3444 Ἴ

382 3610 460 3692 †‘0
484 3611 1013 3701 μίγαςυίκονύμοςτής
1037 3611 1305 3702 ἁγιωτάτης
1330 3615 1552 3704 μητροπό-

293 3737 406 3808 λεως
435 3735 658 3823 Σμύρνης,
686 3734 811 3802 Δίων
839 3735 856 3801 6
883 3735 1085 3823 Ἀργρύς,
1111 3740 1266 3824 παρὸν
1289 3737 1361 3804 ίπί
1383 3751 1436 3828 πή
1459 3761 1553 3822 παρ-

292 3861 406 3948 ούση
440 3855 675 3946 ίμυλορίη
703 3870 947 3948 μαρτυρῶν
976 3856 1222 3949 ύπίηριιψα
1248 3865 1278 3946 ή.
1306 3859 1552 3932 [ίίουύυιοίοτ-

295 3983 392 4050 mula:
417 3981 434 4050 6
464 3983 581 4070 ίσρτύς,
603 3985 736 4074 νομικὸς
765 3988 822 4050 καί
851 3989 1117 4074 πρωτονοτάριος,
1140 3987 1305 4074 Θεόδωρος
1331 3983 1349 4053 ὁ
1381 3987 1554 4074 Ἀστραῖο-

294 4107 389 4184 λῑνυς,
414 4103 431 4171 6
448 4103 549 4193 ίιρυύς
572 4111 629 4171 καί
648 4107 803 4193 κληρικύς
819 4105 910 4174 Λέων
927 4105 944 4176 ὁ
964 4107 1168 4196 Σκυρτῑίδης,
1192 4107 1210 4176 6
1231 4113 1369 4201 γραφεύς
1386 4122 1442 4178 τού
1465 4109 1560 4202 ύρούς1

294 4235 440 4306 ταπεινὸς
474 4231 624 4305 διάκονος
652 4228 668 4296 6
696 4229 921 4320 Καλουινηρύς
948 4231 1093 4319 Νικήιας
1122 4231 1139 4298 6
1167 4237 1223 4298 καί
1251 4239 1481 4324 σημυωύμενος
1506 4207 1560 4298 διᾸ

291 4359 374 4441 καίιρ
403 4365 458 4421 τού
485 4359 729 4436 παναγιωτάτου
758 4347 915 4420 αύδίντοο
942 4359 999 4420 καί
1026 4357 1180 4422 δεσπότου
1205 4381 1279 4445 μου,
1319 4370 1375 4426 τού
1402 4381 1549 4440 πανοπερ·

292 4483 382 4563 τίμου
412 4475 664 4566 ἀρχιεπισκύπου
693 4479 853 4567 Σμύρνης,
882 4489 979 4566 κορού
1004 4477 1164 4566 Γεωργίοο
1187 4503 1217 4547 κ.
1242 4506 1268 4547 τ.
1294 4479 1319 4549 ἑ.
