3168 5274
269 247 334 312 352

271 441 455 527 συμπήξεως
483 444 538 503 καί
567 443 747 512 συστάσεως
770 439 1003 526 ἀναραιρὲτυς,
1033 436 1284 512 ἀναποσποίοτιυς
1308 441 1365 500 καὶ
1387 435 1538 522 ἀνακρα-

269 567 445 648 τήριάστως
478 568 535 630 καί
565 562 639 628 ἀνευ
674 573 730 650 τῆς
765 561 896 630 οἱαοούν
931 563 1162 661 τελισμοιτικής
1187 563 1310 636 δύσεως
1342 566 1401 630 καί
1429 566 1538 648 πάσης

271 685 372 771 ἄλλης
395 688 598 774 δημοσιακής
620 685 809 774 ἀχθηδόνος
831 691 887 752 καί
909 690 1122 775 συίητήσεως·
1140 687 1290 754 δεσπόσει
1312 689 1373 771 γὰρ
1395 689 1456 750 καί
1480 708 1538 750 κυ-
1576 707 1577 714 “

270 815 438 897 ριοιρχήσει
465 813 582 876 τούτων
609 809 755 878 ἁπάντων
784 808 846 878 ἀπό
875 820 930 876 τού
957 818 1009 876 νύν
1035 813 1093 878 καί
1118 808 1153 883 ές
1177 810 1358 896 διηνέκειαν
1385 805 1407 896 ἡ
1432 811 1539 896 δηλω-

270 937 367 1000 δεῑσα
390 937 481 1022 μονή,
506 939 563 1000 καί
586 938 642 1008 τὰς
665 933 698 1012 ἐξ
721 929 823 1000 αὐτῶν
851 934 1027 1020 προσόδους
1055 943 1239 1020 μονομιρῶς
1259 937 1315 998 καί
1337 931 1537 998 ἀνεπικωλύ-

270 1080 331 1132 τως
360 1057 563 1146 ἀπυκτρδάνή
592 1063 647 1124 καί
675 1059 767 1126 ἔσται
794 1063 835 1124 τά
860 1059 1069 1146 δεδυρημένα
1096 1068 1136 1144 πή
1163 1059 1296 1143 τοιαύτή
1326 1069 1410 1147 μονῇ
1444 1053 1538 1141 ύπέρ-

266 1203 346 1274 τερα
367 1186 549 1250 παντάπασι
572 1186 628 1246 καί
652 1181 826 1268 ἀμέδειιταΙ
843 1179 907 1248 ἀπό
931 1205 965 1248 τε
986 1179 1173 1268 ἀγγαρτίας,
1197 1185 1447 1268 manamine,
1472 1186 1539 1267 ψω-

269 1311 443 1394 ρυίήμίας,
478 1307 737 1393 χοιροδτκατίας,
772 1308 983 1382 καταθέσειες
1020 1311 1173 1392 μιτάτων,
1208 1307 1330 1380 δύσεως
1363 1303 1538 1382 έξωτύπων,

272 1433 393 1504 δόσεως
421 1433 585 1516 γειμύρου,
613 1431 734 1506 δόσεως
757 1430 1014 1517 μελισσονορίοο,
1038 1430 1193 1517 διανομῆς
1216 1411 1370 1515 δοοκικής
1393 1433 1454 1494 καὶ
1477 1451 1539 1496 κα-

271 1564 488 1642 τεπανικιιιής,
516 1551 672 1643 ὠφελείας
700 1558 961 1641 καστροκτισίας,
986 1553 1187 1644 ἀπαιτήσεως
1209 1551 1367 1640 πλοΐμων,
1395 1550 1540 1639 ἀπαιτή-

271 1699 352 1752 σιως
380 1681 535 1764 νομίδρου
556 1683 614 1744 καί
636 1681 754 1752 παντὸς
776 1677 972 1765 οἱασδήτινος
1001 1682 1196 1766 ίημιωτικού
1223 1681 1280 1742 καί
1303 1678 1539 1764 έπήρεαστικού

270 1805 459 1891 κεφαλαίου,
482 1800 544 1868 κάν
568 1801 666 1882 ὁποίῳ
690 1801 752 1888 ἄρα
774 1807 831 1868 καί
854 1803 985 1870 καλοῖτο
1005 1799 1147 1887 ὀνόματι,
1170 1809 1224 1866 νύν
1253 1823 1287 1868 τε
1308 1799 1538 1888 ένεργουμένοο

269 1932 327 1996 καί
354 1926 520 2013 ἐσύστερον
543 1925 857 2014 έπινοήδήσομένοο,
881 1931 937 1994 καί
964 1923 1000 1992 ού
1027 1929 1160 2012 μεθέξει
1186 1925 1239 1998 έπί
1265 1929 1387 1999 τούτοις
1419 1923 1539 1992 ἅπασιν

270 2051 343 2117 οὔτε
366 2051 385 2118 δ
408 2055 493 2118 κατὰ
516 2055 625 2138 χώραν
650 2052 873 2138 πρακτυρεύιεν
896 2055 981 2116 κατά
1004 2051 1149 2136 καιρούς,
1179 2048 1251 2116 οὔτε
1275 2072 1322 2123 τις
1343 2047 1458 2140 ἔτερος
1480 2059 1540 2114 τῶν

268 2177 528 2262 δημοσιολεκτύιν
556 2172 577 2264 ἤ
605 2185 666 2240 τῶν
693 2171 858 2242 ὁποιονοῦν
886 2175 1088 2261 δημοοιαιιδν
1121 2179 1362 2261 μετερχομένων
1393 2176 1540 2258 λειτούρ-

270 2321 369 2386 γημα,
394 2297 466 2366 οὔτε
488 2294 580 2364 αύτοί
602 2297 633 2363 οἱ
656 2297 903 2374 έκδοολεύοντες-
926 2301 966 2364 τά
988 2295 1083 2384 ὄρνεα
1107 2307 1162 2385 τής
1186 2297 1351 2382 βασιλείας
1375 2319 1439 2382 μου
1464 2299 1539 2362 τολ-
1576 2265 1577 2276 ¹

268 2427 426 2510 μήσουσιν
450 2421 607 2489 εἰσελθεῖν
630 2419 663 2486 έν
688 2417 768 2509 αύτή
792 2425 849 2488 καί
870 2431 935 2496 τοῖς
958 2416 1007 2486 ἀπ’
1033 2419 1131 2508 αὐτήν
1154 2423 1310 2508 κτήμασι·
1333 2424 1454 2496 πάντες
1479 2425 1540 2506 γὰρ

268 2547 304 2614 οδ
327 2553 466 2612 τοιοῦτοι
498 2549 602 2631 πόρρω
628 2565 689 2610 που
718 2545 900 2629 βαδιοῦνται
932 2549 1056 2612 πιόντων
1084 2556 1143 2610 τῶν
1171 2541 1234 2610 ὅσα
1270 2543 1302 2609 δν
1330 2543 1373 2629 τιρ
1405 2549 1541 2632 παρόντι

269 2670 515 2758 ἀργοροβούλλιρ
542 2672 628 2755 λόγῳ
662 2678 719 2757 τῆς
753 2669 921 2754 βασιλείας
949 2689 1010 2754 μου
1037 2669 1233 2756 διείληπται,
1265 2669 1361 2742 πόδες
1388 2669 1427 2734 δέ
1460 2667 1540 2734 ἀνα·

269 2799 416 2882 γραιρέων
440 2792 695 2881 ἐκτραπήσονται
718 2795 752 2858 τύ
775 2796 924 2878 παράπαν
948 2803 1007 2859 τόν
1036 2793 1183 2858 τοιούτων
1212 2789 1357 2858 ἁπάντων
1385 2797 1446 2858 καί
1477 2815 1539 2877 μα-

269 2923 349 3006 κράν
373 2915 476 2986 αὐτῶν
499 2917 678 3005 ἀφέξονται·
704 2913 740 2980 ού
765 2917 808 3004 μή
825 2920 901 3002 -ήάρς
925 2917 1080 2982 διέλθωσι
1103 2919 1226 2982 πώποτε
1251 2910 1291 2979 δι’
1318 2911 1437 2994 αὐτῶν,
1470 2913 1539 2980 ἀλλ’

269 3043 485 3129 ἀποδρέξυυσι
507 3043 624 3109 τούτων
646 3039 692 3114 ὥς
713 3039 745 3105 οἱ
768 3039 817 3107 ἐπ’
842 3037 1013 3125 ἀνθράκων
1038 3041 1156 3123 βαίνειν
1182 3036 1486 3124 ἀποδιδράσκοντες.
1513 3039 1541 3102 εὶ

268 3173 331 3253 γὰρ
351 3170 409 3232 καί
430 3168 594 3250 προιόντος
618 3174 673 3230 τού
698 3167 815 3254 χρόνου
837 3161 1006 3250 έπαύβησις
1033 3161 1067 3228 έν
1089 3163 1212 3238 τούτοις
1240 3165 1340 3248 μικρὰ
1366 3161 1397 3226 οἵ
1417 3186 1455 3230 τε
1481 3166 1541 3250 μήν

269 3296 327 3358 καί
347 3297 481 3378 μογίστη
506 3293 688 3378 γενήσεται,
712 3285 798 3354 ἀλλά
821 3291 877 3352 καί
899 3288 1025 3372 ταύτην,
1054 3283 1115 3372 δση
1142 3285 1207 3372 ἀρα
1233 3291 1290 3354 καί
1318 3283 1428 3376 τῖή,ή
1460 3286 1540 3373 αύιή
1576 3291 1577 3294 ’

268 3421 408 3503 περιόψει
430 3413 604 3500 έλουδέραν
625 3423 680 3480 τού
702 3415 855 3498 παρόντος
879 3409 1149 3496 ἀργυροβοολλίου
1170 3411 1271 3491 λόγου
1294 3407 1458 3497 ἀρραήούς
1483 3417 1540 3476 καί

267 3545 384 3619 πακίου
411 3540 782 3627 διαρολαχδησορένου..
810 3534 860 3602 ἐπὶ
895 3536 995 3620 τούτῳ
1014 3537 1092 3620 ’γὰρ
1119 3539 1175 3600 καί
1201 3533 1374 3622 ἀπυρέχδή
1398 3547 1439 3622 τῇ
1466 3537 1539 3600 δια-

270 3665 433 3753 λήρδιίσή
460 3671 676 3748 πατριαρχική
704 3670 818 3747 γονική
847 3671 928 3746 μονή
956 3668 1011 3724 τού
1034 3662 1250 3746 περιποθήτου
1277 3656 1458 3746 έξαδέλιρου
1483 3671 1539 3745 τῆς

269 3787 435 3872 βασιλείας
459 3808 530 3872 μου,
551 3788 842 3865 πανεοτενεοτιίτου
866 3783 1036 3870 Κομνήνού
1059 3787 1113 3848 καί
1137 3786 1303 3869 κτήτορες,
1328 3791 1383 3848 τού
1407 3781 1539 3850 Μαλια-

268 3919 368 3998 σήνού
395 3919 496 3996 κορού
527 3909 692 3979 Νικολάου
726 3919 765 3994 τή
791 3917 848 3994 τῆς
881 3905 1132 3992 Μακρινιτίσσής
1166 3915 1223 3992 ιής
1254 3905 1538 3992 ἐπονομαζομένης

269 4033 1004 4120 ’οὲοίαςἘπισκέψεεις,γεγονάςκατὰτὸν
1027 4033 1538 4116 παρόνταστπτέβριον

270 4170 387 4247 μῆνα
433 4165 511 4224 τού
554 4155 983 4242 έίακισχιλιοοτού
1034 4151 1417 4220 ἑπτακοσιοστού
1470 4153 1538 4237 ἑβ-

269 4284 572 4370 δομηκοστού
617 4283 823 4364 πέμπτου
877 4277 1011 4352 έτους
1057 4278 1385 4363 τής.δεκάτής
1422 4275 1537 4342 ὶνδι-

267 4415 476 4481 κτιιῖινος.
