3140 5284
1209 231 1270 298 1¹15
1350 243 1354 254 '

96 421 205 502 Σίγνα·
230 422 344 512 Καλῆς
361 424 524 512 Σεβαστῆς
548 435 602 513 τῆς
625 424 828 512 Τορροινίνης,
844 423 969 512 Μαρίας
993 424 1190 511 Ἀγγελίνης,
1213 433 1268 512 της

28 547 167 629 θυγατρός
193 543 301 634 αόιης,
326 547 493 634 Θεοδώρου
516 558 572 618 τοῦ
594 547 761 636 Μαγκαφᾶ
784 553 840 614 καὶ
864 547 931 614 υἱοῦ
956 545 1063 635 αὐτῆς,
1092 546 1192 636 Ξένης
1214 557 1271 634 τῆς

27 668 213 756 ίιοπορηνῆς,
235 669 381 736 Ἰωάννου
404 680 459 737 τοῦ
475 671 682 759 Μονομάχου,
705 671 729 738 Γ
732 677 864 758 εωργίου
889 681 943 737 τοῦ
967 670 1143 750 Καλυειδᾰ,
1166 670 1270 738 Δέον·

28 815 64 864 τις
84 801 135 856 τοῦ
159 792 338 876 Καλοειδοί,
362 793 502 872 Λέοντος
525 805 580 862 τοῦ
604 796 776 880 Σεβαστοῦ.

93 929 283 1020 βΕόδοιιίφ
303 945 359 1000 που
386 940 591 1024 προανάρχου
617 939 746 1023 πατρός,
770 941 918 1023 συνεργία
939 945 994 1002 τοῦ
1017 938 1177 1050 συνάρχφυ
1200 933 1270 1000 υἱοό

29 1061 68 1121 ιαί
91 1055 249 1124 ἐπινεύσει
275 1067 331 1124 τοῦ
364 1063 519 1140 παναγίου
546 1064 603 1126 καί
631 1065 786 1134 ζωοποιοό
820 1062 1004 1146 πνεύματος.
1040 1056 1129 1146 ημιίς
1158 1057 1189 1124 οἱ
1214 1061 1271 1132 τὰς

30 1185 179 1266 ιιαοριιιὰς
210 1186 400 1270 αημειιόσεις
434 1182 693 1270 ἐκτυπωσάμενοι
726 1181 759 1248 ἐν
795 1181 881 1270 ἀρχῇ
909 1193 963 1249 τοῦ
990 1185 1144 1269 παρόντος
1174 1177 1271 1269 όφους

30 1302 139 1388 ίιοοσίη
166 1297 261 1393 ἡμῶν
290 1304 397 1394 ἐφέσει
423 1311 479 1372 καί
505 1309 642 1394 θελήσει
670 1306 941 1394 ἀπεμπολήσαμεν
968 1307 1046 1393 πρός
1074 1308 1128 1392 την
1153 1307 1271 1388 σεβασ-

31 1435 84 1512 ρίαν
109 1430 212 1516 μονὴν
239 1441 299 1494 των
322 1427 458 1514 Λέμβων
481 1434 520 1495 τὰ
547 1433 698 1519 χωράφια
720 1427 809 1518 ἡμῶν
836 1435 875 1496 τὰ
900 1427 932 1496 έν
955 1441 994 1517 τῇ
1019 1433 1196 1513 ιοποθεσίφ
1218 1439 1273 1496 τοῦ

31 1548 181 1630 λυλπιιίου,
209 1549 262 1616 οἶα
277 1556 333 1618 παὶ
356 1549 417 1618 όσα
441 1551 510 1631 εἰσί,
528 1558 573 1619 τὰ
593 1559 650 1620 παὶ
664 1554 799 1639 πλησίον
822 1563 877 1620 τοῦ
900 1556 1151 1639 προκαθημένου
1167 1553 1273 1638 Σμόρ-

31 1698 70 1760 νης
88 1685 141 1740 τοῦ
161 1673 332 1741 Καλοειδᾱ
352 1676 396 1752 είς
420 1674 578 1764 όπέρπυρα
600 1678 725 1757 δεκαέξ,
751 1677 772 1742 ά
794 1681 850 1742 καί
867 1677 1024 1762 έλάβομεν
1050 1675 1111 1742 οἰπό
1135 1687 1189 1742 τοῦ
1214 1673 1273 1762 μέ·

33 1819 86 1880 ρους
105 1807 162 1886 τῆς
188 1795 347 1887 ῥηθείσης
371 1810 484 1888 μονῆς,
514 1797 591 1868 ὅθεν
615 1805 670 1866 καί
694 1797 755 1887 οὐχ
781 1798 845 1876 ἕξει
868 1822 913 1872 πις
938 1797 985 1864 ἐπ’
1010 1796 1121 1873 ἀδείας
1147 1795 1187 1862 δι’
1216 1795 1275 1884 ὄχ-

33 1923 73 1986 λου
94 1933 227 2010 ποιῆσαι
255 1925 311 2010 τήν
335 1925 432 2010 μονὴν
459 1921 480 2012 ἢ
505 1921 542 1990 ἐκ
565 1935 626 1990 πων
648 1926 853 2011 κληρονόμων
881 1928 937 1988 παί
965 1922 1090 1989 οἰκείων
1113 1923 1273 2007 διαδόχων

34 2039 109 2129 ᾖρον,
136 2045 224 2112 ἀλλὰ
252 2047 332 2133 δίχα
358 2049 440 2122 τινός
465 2046 730 2136 ἀμφισβητήσεως
764 2050 912 2134 καπίχειν
941 2041 1082 2132 παόπαὴ
1111 2047 1191 2132 μονὴ
1219 2047 1275 2110 καὶ

36 2171 73 2252 τὴν
93 2171 129 2234 έιι
152 2172 271 2235 τούτων
298 2172 454 2258 πρόσοδον
479 2169 687 2259 ἀποφέρηιαι.
711 2171 738 2236 εί
762 2172 797 2236 δέ
812 2193 888 2236 ποτε
912 2180 971 2234 πων
990 2180 1110 2256 ιιαιρων
1130 2167 1276 2258 ἀναφανῇ

37 2314 66 2364 σς
84 2292 143 2358 ἀπὸ
166 2303 223 2359 τοῦ
246 2299 360 2380 μέρους
382 2290 470 2382 ἡμῶν
495 2293 703 2384 ἀμφιβάλλειν
727 2295 782 2381 τήν
805 2296 900 2381 μονην
925 2297 981 2360 παὶ
1005 2291 1180 2379 ἀνατρέψαι
1205 2293 1279 2376 βου-

37 2417 103 2504 λγθη
129 2419 185 2504 τὴν
214 2414 304 2504 ἡμῶν
326 2429 454 2502 πρᾶσιν,
483 2429 604 2504 πρῶτον
629 2423 684 2504 μὲν
708 2417 774 2494 ἕξει
800 2421 857 2491 τὰς
883 2415 962 2503 ἀρὰς
989 2437 1020 2482 ιι.
1049 2439 1075 2482 π.
1104 2414 1128 2482 ἑ.
1159 2420 1276 2501 ζημιω·

39 2543 133 2625 ιθηναι
155 2543 193 2605 δέ
220 2539 277 2604 καὶ
301 2540 346 2616 είς
368 2543 404 2606 τό
429 2542 592 2626 βασιλικόν
617 2544 793 2629 βεστιάριον
817 2536 975 2626 όπέρπυρα
997 2543 1175 2625 τριάκοντα.
1199 2540 1278 2623 πρός

39 2673 92 2738 γιον
113 2667 282 2749 βεβαίωσιν
305 2665 436 2730 πλείονα
460 2663 582 2754 ἐγράφη
606 2669 661 2730 καί
684 2659 883 2753 όπεγράφηὴ
907 2673 1056 2749 παροῦσα
1078 2659 1167 2750 ἡμῶν
1190 2671 1276 2746 πρᾶ-

41 2809 71 2859 ας
91 2793 152 2852 καί·
178 2787 320 2875 ἐπεδόθη
345 2787 386 2872 τῷ
414 2793 502 2874 μίρει
536 2798 591 2875 τῆς
618 2789 853 2877 διαληφθείσης
882 2796 979 2874 μονῆς
1011 2785 1054 2858 εἰς
1087 2783 1276 2874 ἀσφάλειαν.

40 2911 477 2997 μηνίἀπριλλίιρὶνδ.
503 2910 531 2974 δ’
555 2921 632 2978 τοῦ
656 2911 788 2999 ,ςψπδ
812 2911 999 2990 ἕτουςῒ.

101 3052 181 3134 's‘O
217 3049 604 3138 εόπελὴςὶερεύς,
638 3062 948 3136 πρωτοπαπας
975 3053 1053 3114 παὶ
1080 3041 1277 3135 νομικός

40 3183 185 3262 γυρίου
213 3175 569 3261 Μουρμοόνπων,
597 3174 831 3260 Γεωργιος
858 3171 875 3239 ό
903 3173 1193 3260 Καρωνίτης,
1229 3174 1275 3235 τό

42 3303 157 3386 τυρόν
181 3301 419 3389 ἔγγραφον
443 3303 622 3387 γράψας
645 3295 887 3385 όπίγραψα
908 3301 939 3378 †.

276 3565 382 3634 xclx.
400 3565 475 3632 Sine
492 3585 583 3646 ουιιο,
601 3583 707 3630 mense
722 3561 841 3643 martio,
859 3559 923 3627 ind.
941 3559 1020 3626 ΧΗΙ.

105 3713 223 3771 Ioanne-s
239 3715 343 3780 Comes,
360 3717 470 3770 iubente
486 3717 674 3786 imperatrice,
691 3714 864 3766 monasterio
880 3711 971 3765 tradit
986 3709 1076 3764 ῑοσαοι
1091 3707 1202 3778 Ηαρία.

111 3867 209 3948 ῒΤό
236 3869 560 3955 παραδοτινίόν
589 3869 775 3953 γράμμα
804 3870 881 3928 τοῦ
910 3865 1012 3926 τότε
1036 3860 1281 3924 δοοαιόον-

49 4012 104 4063 τος
133 3997 180 4056 τὰ
207 3991 251 4057 έν
279 4003 329 4080 τῇ
357 4001 558 4078 περισχη
586 4000 663 4077 τῆς
691 3985 1154 4070 Πέπραςδεσποτιπὰ
1178 3974 1315 4065 πτή·“

51 4109 486 4194 ματαἸωάννουποϋ
510 4113 737 4198 Κόμηπος,
761 4113 998 4196 χάρινποῡ
1022 4110 1185 4169 εοπίου
1209 4113 1282 4190 πης

52 4232 249 4315 ’όγίαςδί
273 4237 471 4326 ὁρισμοῦ
495 4236 834 4311 δοσποπιαοῦβ.

38 4395 43 4414 ·
119 4379 244 4460 *γἘπεί
278 4377 422 4467 ωρίσθην
449 4382 535 4463 παρὰ
562 4387 618 4464 της
645 4382 799 4458 κραταιᾶς
833 4373 889 4436 παὶ
923 4366 1018 4447 ἁγίας
1050 4362 1139 4452 ἡμῶν
1173 4369 1284 4449 πυρίας

55 4505 96 4562 ul
113 4503 279 4592 δεσποίνης,
304 4501 388 4578 ὅπως
411 4503 590 4588 παραδώσω
613 4501 691 4583 πρός
715 4498 769 4584 τὴν
794 4497 969 4580 σεβασμίαν
994 4490 1162 4574 βασιλικὴν
1187 4490 1285 4575 μονὴν
1364 4483 1374 4506 “

57 4633 96 4706 ῐής
119 4621 280 4712 όπεράγνοο
310 4650 370 4713 μου
394 4629 593 4712 θεομηιορος
617 4631 672 4707 τῆς
700 4619 940 4705 Αεμβιωτίσσης
968 4618 1003 4678 τό
1027 4617 1131 4676 τοπίον
1156 4615 1190 4676 τό
1215 4611 1283 4677 έπι-
