3238 5282
273 311 338 375 426

274 503 362 590 ἔχειν
393 507 504 570 τεκαὶ
533 507 586 568 τόν
620 505 705 568 κατά
732 505 865 590 καιροὺς
895 503 1048 592 ἀρχιερέα
1076 515 1131 592 τῆς
1166 507 1237 570 κατ’
1273 503 1329 591 ἐμὲ
1364 502 1557 592 ἁγιωτάτης

273 629 450 714 ἐπισκοπῆς
484 627 710 714 Δημητριάδος
739 630 793 715 τὴν
823 631 950 716 συνήθη
986 639 1049 701 τοῖς
1085 627 1284 716 ἀρχιερεῦσιν
1318 627 1486 716 ἀναφοράν
1519 630 1556 693 ἐν

273 751 317 838 τῷ
343 753 476 816 τοιούτω
504 751 572 836 ναηῐ
600 762 656 838 τῆς
686 748 862 838 ῦπεραγίας
896 755 1056 818 θευτῦκου
1080 752 1137 818 καὶ
1165 753 1298 840 ἑτησίως
1331 757 1388 818 καί
1411 753 1557 818 ἀναστε-

274 879 376 962 ρήτως
400 877 498 940 τελεῖν
533 877 610 962 πρὸς
633 877 688 963 την
712 880 783 941 κατ’
809 876 876 962 ἐμὲ,
912 873 954 950 ὡς
983 876 1120 964 εἴρηται,
1156 876 1335 963 άγιωτάτην
1370 876 1558 962 ἐπισκοπὴν

273 1003 359 1064 κατὰ
387 1001 441 1085 τὴν
466 997 578 1087 ἑορτὴν
603 1009 656 1064 τοῦ
683 997 840 1067 αὐθεντου
864 999 953 1089 ἡμῶν
977 1011 1031 1066 τοῦ
1059 1007 1218 1081 πανατίου
1245 1001 1410 1066 Νικολάου
1434 1005 1557 1086 κηρίον

274 1123 385 1207 λίτρας
408 1124 466 1186 δύο
489 1127 546 1188 καί
569 1121 665 1188 πλέον
691 1121 793 1203 οὐδὲν,
818 1129 874 1190 καί
898 1122 1001 1198 οὐδείς
1025 1133 1079 1189 τοῦ
1102 1128 1220 1199 παντὸς
1245 1130 1359 1210 μέρους
1381 1129 1439 1189 καί
1462 1126 1556 1210 πλη-

273 1249 421 1332 ρώματος
439 1255 493 1333 τῆς
516 1246 588 1311 κατ’
613 1245 680 1332 ἐμὲ,
704 1245 747 1320 ὡς
765 1249 896 1335 εἴρηται,
915 1247 1095 1334 ἁγιωτάτης
1120 1247 1296 1334 ἐπισκοπῆς
1320 1249 1555 1334 Δημητριάδος

272 1367 292 1456 ἢ
318 1367 334 1435 δ
359 1373 445 1434 κατά
468 1371 601 1456 καιροὺς
630 1369 797 1458 ἀρχιερεὺς
820 1371 840 1460 ἣ
864 1373 1018 1460 κληρικὸς
1046 1369 1066 1459 ἢ
1090 1369 1199 1458 ἕτερός
1223 1395 1268 1446 τις
1292 1374 1446 1458 τολμήσει
1471 1372 1554 1435 δια-

273 1504 378 1558 σεῖσαι
405 1493 424 1581 ἢ
453 1497 694 1582 παρενοχλῆσαι
729 1507 768 1582 τη
797 1497 984 1582 δηλωθείση
1014 1507 1095 1583 μονῇ
1124 1505 1179 1560 τοῦ
1214 1495 1402 1581 Προδρόμου
1435 1493 1557 1559 ἕνεκεν

273 1625 328 1682 τοῦ
352 1619 558 1704 δηλωθέντος
587 1622 679 1683 θείου
713 1617 771 1683 καὶ
794 1617 878 1705 ίεροῦ
913 1627 990 1684 ναοῦ
1015 1629 1071 1706 τῆς
1106 1616 1280 1704 ιἰπεραγίας
1303 1623 1482 1697 θεοτΰκου,
1527 1619 1559 1684 εἰ

272 1743 318 1828 μη
353 1743 503 1825 βούλεται
531 1741 776 1808 ἐπισπάσασθαι
811 1747 867 1816 τάς
897 1741 976 1828 ἀράς
1003 1753 1064 1806 τῶν
1098 1747 1288 1829 τριακοσίων
1323 1741 1560 1808 ὀκτωκαίδεκα

281 1863 378 1945 ἁγίων
403 1869 568 1954 θεορῦρων
604 1871 747 1951 πατέρων
771 1877 832 1931 τῶν
860 1865 893 1931 εν
916 1866 1039 1952 Νικαίορ
1064 1871 1122 1932 καί
1157 1865 1263 1953 ἀλῦτιρ
1292 1873 1429 1952 μεγίστῳ
1467 1865 1561 1955 ἀρο-

280 1991 380 2076 ρισμιρ
408 1988 563 2076 ἐμπεσεῖν.
591 1987 640 2054 ἐπί
664 1992 764 2074 τούτῳ
788 1995 849 2075 γὰρ
874 1995 930 2054 καί
958 1995 993 2056 τῦ
1016 1994 1117 2076 παρῦν
1139 1986 1292 2076 ἡμέτερον
1316 1993 1450 2076 γράμμα
1474 2013 1557 2055 συν-

279 2117 370 2200 ήθως
402 2112 582 2202 ὑπογραρὲν
617 2119 674 2179 καί
709 2116 888 2198 βεβαιωθὲν
916 2111 988 2200 παρ’
1022 2111 1112 2202 ἡμῶν
1141 2113 1284 2201 ἐπεδόθη
1318 2125 1358 2202 τη
1387 2117 1557 2200 σεβασμίτρ

279 2249 359 2324 μον-η
384 2247 439 2302 τοῦ
464 2237 654 2325 Προδρόμου
678 2238 721 2312 εὶς
746 2237 924 2326 ἀσφάλειαν
960 2243 1067 2326 μηνί
1094 2239 1327 2325 δεκεβρίιρ
1360 2239 1440 2303 ίνδ.
1478 2236 1555 2318 δη-

276 2363 397 2447 δίης.

365 2485 516 2552 Τοιοῦτον
540 2485 607 2550 ἐστί
631 2491 797 2551 καὶτοῦτο
822 2489 857 2550 τὸ
882 2484 1067 2572 ἐκδοτήριον
1092 2491 1227 2572 γράμμα
1250 2495 1306 2550 τοῦ
1323 2487 1554 2573 Δημητριάδος

276 2609 326 2674 ἐπί
350 2611 415 2696 ναιρ
438 2619 494 2698 τῆς
520 2606 692 2695 ὑπερορίας
716 2613 875 2674 θεοτὸιιου
900 2615 955 2672 τοῦ
982 2607 1154 2695 Κουκουρά
1181 2613 1259 2695 πρῦς
1286 2611 1341 2695 τὴν
1371 2612 1472 2696 μυνην
1495 2621 1553 2676 τοῦ
1613 2597 1614 2602 ¹

276 2733 468 2820 Προδρόμου
491 2744 547 2821 τῆς
569 2733 657 2808 Νέας
680 2735 814 2820 Πέτρας.

558 3002 651 3068 XLII.
670 3001 900 3081 6785-1275,
922 3005 962 3068 15
978 3003 1116 3086 augusti,
1133 3001 1198 3067 ind.
1217 3001 1254 3068 V.

272 3153 519 3208 Ηίειυικοιισολιιε
552 3151 725 3208 Τλοοάοιίιιι
755 3153 926 3206 monasterio
959 3149 1180 3206 Μαοκίκὶιὶικαε
1210 3151 1300 3204 donat
1329 3159 1363 3202 ιιι
1386 3152 1548 3226 praedium

386 3277 617 3332 monasteriolum
632 3277 662 3333 S.
679 3275 797 3330 Mariae
813 3277 843 3329 in
858 3273 1038 3330 Οίιανπιαεπα
1054 3276 1095 3329 ad
1106 3275 1193 3346 ριιίει
1207 3275 1310 3329 montis
1327 3273 1429 3331 Οειαε.

271 3429 576 3517 Ἐκδοτὴριον
623 3429 886 3495 Θεοδοσίου
933 3425 1256 3512 ἱερομονάχου
1303 3425 1376 3490 ἐπί
1421 3449 1546 3512 μονι-
1610 3501 1611 3528 ἢ

269 3555 347 3636 δίιρ
382 3562 461 3639 τῆς
492 3551 734 3631 Παναγίας
769 3551 823 3637 τῴ
850 3549 914 3623 εἰς
949 3550 1027 3636 τὴν
1055 3549 1330 3634 Χάρμαιναν
1359 3549 1545 3616 διακει-

395 3679 510 3762 μὲνιρ
540 3671 1413 3761 ὑπὸτούςπρὸποδαςτσῦίίιοσάβου.

354 3851 408 3918 Ἐν
437 3847 568 3937 δνόματι
595 3859 650 3916 τοῦ
684 3853 802 3936 πατρὸς
836 3853 892 3914 καί
920 3857 974 3912 τοῦ
1010 3848 1078 3914 υίοῦ
1112 3852 1169 3912 καί
1199 3855 1253 3913 τοῦ
1282 3847 1375 3928 άγίου
1398 3851 1544 3936 πνεῦμα·
1609 3825 1610 3845 ¹

267 4002 330 4052 τος.
360 3977 533 4050 Θεοδόσιος
558 3973 777 4062 ἱερομὸναχος,
803 3972 1055 4060 ἀρχιμανδρίτης
1078 3981 1134 4060 τῆς
1162 3983 1222 4036 τῶν
1246 3971 1453 4059 Χαρμενιτιῦν
1478 3977 1545 4060 χυλ-

266 4125 324 4188 ρας
358 4098 416 4165 καὶ
449 4097 626 4188 ἡγούμενος
661 4096 702 4164 ὢν
738 4107 792 4163 τοῦ
827 4094 917 4171 ὄντος
952 4095 1055 4160 ἐκεῖσε
1091 4097 1233 4180 μονιδίου
1268 4103 1323 4162 τοῦ
1358 4095 1404 4168 είς
1440 4093 1543 4183 ὄνομα
1608 4131 1609 4149 2

266 4229 444 4311 τιμωμένου
468 4235 523 4312 τῆς
544 4221 717 4310 ῦπεραγίας
740 4225 900 4286 θεοτῦκου
916 4225 973 4286 καί
996 4215 1077 4284 οὕτω
1102 4221 1304 4306 καλουμένης
1320 4219 1502 4306 Παναγίας,
1527 4219 1542 4286 ὁ

266 4345 461 4438 αῦτοχείρως
491 4347 633 4414 ἐνταῦθα
659 4347 828 4432 προτάξας,
853 4349 945 4410 καθὰ
969 4343 1093 4432 δρᾶται.
1119 4343 1187 4409 ἐπεί
1211 4345 1346 4433 ἔφθασα
1369 4343 1417 4418 είς
1440 4353 1542 4431 γῆρας
1607 4395 1608 4455 η

264 4473 329 4561 ἤδη
357 4473 437 4537 πολὺ
461 4476 518 4535 καί
541 4469 619 4536 καθ’
644 4469 784 4556 ἑκάστην
820 4469 864 4544 είς
888 4467 1000 4534 ἑαυτὸν
1024 4467 1086 4555 ὁρῶ
1111 4471 1163 4533 τὸν
1192 4459 1349 4546 θάνατον,
1380 4471 1424 4554 μή
1456 4468 1541 4555 ἔχων

259 4593 326 4683 ὅπη
355 4599 390 4660 τὸ
413 4597 512 4681 βάρος
535 4601 590 4659 τοῦ
614 4602 762 4657 ταπεινοῦ
787 4615 847 4678 μυυ
872 4597 1021 4681 σώματος
1044 4591 1102 4658 καὶ
1125 4597 1230 4679 ψυχῆς
1254 4591 1429 4674 ἐκθέσθαι,
1456 4595 1539 4678 μετὰ

262 4717 498 4804 παρακλήσεως
528 4714 576 4782 ὅτι
609 4717 730 4802 πολλῆς
759 4719 837 4804 πρὸς
872 4721 924 4784 τὸν
957 4722 1248 4800 πανευγενὲστατον
1284 4715 1455 4803 Κομνηνῦν
1487 4717 1538 4780 τὸν
1606 4685 1607 4761 λ
