3190 5284
295 277 357 340 128

363 471 401 566 ⁰†
429 463 465 532 Ὁ
500 463 696 552 εόττλής
731 461 887 550 ἱερεὺς
917 462 934 530 ό
963 459 1197 551 Τισαΐτης
1233 463 1283 528 τά
1313 469 1389 529 τοῦ
1425 457 1583 550 ὅρους

292 583 1151 680 δηλούμεναμαρτυρώνόπέγραβαγ.

381 729 635 816 γΜιχαηλ,
671 728 828 816 ίτρεός
856 732 935 794 καί
961 730 1161 815 νομικός
1189 735 1267 815 τῆς
1297 725 1583 812 ἁγιωτάτης

294 855 627 941 μητροπόλεως
655 852 864 938 Σμύρνης
891 855 969 916 καί
999 815 1190 937 ένόρίας
1224 851 1481 928 Μανταίας,
1519 853 1583 913 τὰ

292 986 370 1042 τοῦ
398 973 539 1065 ὕφους
573 976 843 1062 δηλούμενα
872 978 1052 1061 γρόψας
1081 978 1160 1040 καί
1189 985 1432 1061 μαρτυρῶν
1466 969 1582 1038 ὑπέ-

292 1104 409 1188 ιονί
477 1104 507 1182 ί-

603 1345 666 1414 LX.
684 1344 760 1413 Sine
777 1365 868 1426 anno,
886 1348 929 1411 25
945 1343 1083 1430 augusti,
1100 1343 1166 1411 ind.
1183 1343 1262 1410 vffl.

570 1511 624 1566 In'a
639 1515 715 1568 τίιίιτ
729 1513 933 1567 monasterium
948 1521 974 1566 τί
990 1509 1115 1566 Phocum
1131 1511 1286 1568 dirimitur.

380 1682 484 1766 †T6
512 1687 735 1768 κρίσιμον
764 1684 954 1767 γράμμα
981 1679 1119 1746 Φωκίί
1147 1687 1223 1745 τοῦ
1252 1677 1574 1766 τηςΚυραμα-

292 1811 396 1894 ρίας
430 1807 657 1893 γαμβροῦ,
692 1807 794 1890 περί
825 1799 878 1868 ὧν
913 1802 1137 1890 έπιιροίτο
1171 1805 1453 1890 πραγμάτων
1489 1805 1580 1866 καί

292 1929 629 2016 ἀπτλογιάσδη
657 1933 686 2010 †.

379 2075 400 2153 †
427 2069 511 2158 Μηνὶ
548 2066 714 2155 αόγοόστφ
738 2065 843 2157 ἡμέρα
875 2078 1014 2156 κυριακῇ
1042 2068 1090 2134 κε’
1120 2067 1179 2135 ὶνδ.
1209 2066 1237 2156 η’
1264 2071 1294 2148 †.
1328 2065 1394 2155 Τήν
1423 2069 1579 2153 σήμερον

291 2197 459 2282 παραστὰς
475 2193 610 2268 Φωκᾱς,
634 2203 689 2281 τῆς
712 2189 955 2278 Κυραμαρίοιςό
980 2193 1134 2278 γαμβρός,
1158 2195 1228 2277 περί
1251 2189 1294 2256 ών
1311 2190 1378 2278 εἶχε
1404 2194 1485 2277 μετὰ
1513 2200 1578 2276 τῆς

289 2321 469 2404 στβαομίας
489 2320 546 2382 καί
570 2313 666 2396 ἁγίας
696 2325 794 2403 μόνης
823 2326 883 2382 τῶν
912 2314 1058 2402 Λέμβων,
1087 2316 1350 2401 προσεκαλέσατο
1374 2314 1448 2387 τούς
1473 2313 1577 2378 ἐποί-

289 2463 364 2515 κους
400 2443 593 2538 στρατιώτας
627 2461 661 2503 τε
690 2443 746 2504 καί
783 2438 1015 2513 οίκοδεσπότας
1051 2449 1111 2506 τών
1146 2445 1271 2525 χωρίων
1298 2435 1477 2514 Μανταίοις,
1516 2443 1576 2502 τόν

285 2587 319 2631 τε
349 2563 642 2652 μτγαλοδοέότοιτον
669 2571 730 2648 κῦρ
757 2561 915 2648 Γεώργιον
943 2565 996 2627 τόν
1019 2561 1225 2650 Μαντηοινόν,
1250 2563 1303 2628 τόν
1328 2559 1575 2647 ἀνδρικώτατον

288 2691 482 2775 στρατιώτην
510 2695 570 2773 κδρ
597 2685 785 2774 Νικηφόρον
815 2689 868 2751 τόν
898 2685 1112 2772 Φαρισσοιίον,
1141 2688 1194 2750 τόν
1217 2683 1346 2751 Λέοντα
1370 2692 1428 2771 κῦρ
1453 2735 1461 2748 .
1488 2735 1497 2750 .
1529 2735 1537 2750 .
1566 2736 1573 2750 .

284 2815 339 2878 τόν
368 2811 541 2899 Πετρίτζην
570 2821 628 2896 κῦρ
656 2809 812 2896 Γεώργιον
841 2813 897 2874 καί
926 2807 988 2876 ἀπό
1013 2820 1073 2875 τών
1101 2807 1336 2874 οίκοδεσποτών
1360 2807 1487 2874 Λέοντα
1517 2812 1575 2873 τόν

287 2936 489 3024 ’Λμηραλλίρ
513 2933 648 3021 Μιχαήλ
671 2935 722 2998 τόν
739 2929 882 3020 Ληοτήν,
907 2932 1060 3019 Μανουήλ
1077 2933 1130 2998 τόν
1153 2932 1340 3018 Σαρακηνόν
1365 2935 1420 2997 καὶ
1435 2929 1574 2996 Λέοντα

287 3061 340 3124 τόν
363 3055 562 3147 Νυμραΐτην.
588 3056 747 3145 ἐζήτησαν
772 3053 825 3121 οὖν
850 3053 879 3119 οἱ
902 3060 1007 3142 κριταί
1032 3059 1070 3120 τά
1087 3066 1147 3121 τῶν
1174 3065 1325 3142 μοναχών
1346 3055 1572 3140 δικαιώματα,

286 3181 385 3270 ἤγουν
414 3191 469 3269 τῆς
493 3177 594 3245 αὐτῶν
623 3181 803 3266 σεβασμίας
830 3183 886 3244 καί
916 3177 1012 3259 ἁγίας
1042 3180 1210 3264 βασιλικῆς
1240 3189 1351 3266 μονῆς,
1377 3177 1500 3255 ἐξεῖπον
1529 3181 1568 3243 δὲ

287 3305 317 3373 οἱ
339 3309 485 3393 μοναχοί,
510 3303 552 3378 ώς
569 3302 618 3368 ὅτι
640 3301 732 3391 ἡμεῖς
758 3307 838 3389 μετὰ
861 3311 915 3367 τοῦ
939 3303 1045 3369 Φωκιί
1070 3299 1224 3368 ὑπόδεσιν
1250 3300 1308 3368 οόκ
1334 3302 1463 3390 ἔχομεν,
1491 3301 1569 3368 ἀλλ’

248 3431 251 3438 ’
286 3427 359 3494 οὐδὲ
377 3434 491 3516 κρίσιν,
515 3431 572 3492 καί
594 3429 648 3492 διὰ
673 3436 764 3493 τοῦτο
790 3427 880 3502 ἔδοξε
901 3439 966 3499 τοῖς
990 3437 1111 3511 κριταῖς
1136 3425 1229 3491 εἰπεῖν
1254 3421 1326 3490 κατ’
1351 3423 1421 3513 όψιν
1444 3431 1569 3510 πρότε-

285 3573 339 3640 ρον
367 3563 427 3616 τών
457 3534 610 3639 μοναχών
647 3517 858 3616 ἀπελθόντωνΙ
880 3552 956 3634 πρός
985 3551 1040 3635 τὴν
1077 3549 1173 3634 μονὴν
1199 3544 1301 3614 αὐτῶν
1331 3547 1374 3622 ώς
1396 3553 1485 3635 παρὰ
1512 3555 1570 3615 τὸν

285 3683 340 3742 τοῦ
370 3677 496 3741 δικαίου
526 3676 624 3754 λόγου
651 3679 844 3760 πειρώμενον
873 3677 927 3740 τόν
956 3672 1079 3738 Φωκᾶν
1108 3677 1164 3738 καί
1192 3675 1303 3740 τούτου
1328 3677 1422 3758 χάριν
1446 3693 1568 3739 κακω-

286 3803 397 3873 θέντες
421 3802 460 3864 τά
482 3799 597 3863 πολλοί.
621 3797 742 3870 ἰδόντες
766 3803 868 3861 τοίνυν
894 3794 1009 3870 αὐτοὺς
1034 3795 1063 3862 οἱ
1087 3797 1132 3872 είς
1156 3799 1211 3883 τὴν
1237 3797 1334 3882 μονὴν
1357 3799 1475 3862 τοότων
1501 3819 1568 3882 μο-

284 3928 380 4010 ναχοί
404 3925 624 4010 διηγέρδησαν
647 3925 704 3986 καί
729 3919 883 4006 ἀρώμενοι
907 3924 946 3984 τὰ
969 3929 1024 4006 τῆς
1041 3931 1141 4008 μονῆς
1164 3921 1375 4007 δικαιώματα,
1400 3917 1500 4006 ἤγουν
1531 3925 1567 3986 τό

285 4047 522 4134 χρυσόβουλλον
551 4054 606 4110 τοό
636 4043 784 4130 ἀοιδίμου
813 4043 845 4108 έν
882 4045 1064 4127 βασιλεῦσιν
1090 4042 1213 4108 ἐκείνου
1242 4042 1299 4110 καὶ
1321 4047 1496 4130 κτήτορος,
1531 4050 1566 4110 τό

285 4195 317 4236 τε
341 4174 515 4258 πρακτικόν
539 4179 595 4255 τῆς
616 4169 766 4253 τοιαύτης
791 4177 890 4254 μονῆς
914 4171 970 4231 καὶ
991 4167 1046 4254 τὴν
1071 4169 1236 4255 διαθήκην
1261 4177 1315 4234 τοῦ
1341 4166 1568 4252 ἀποιχομένου

284 4293 393 4381 ἱερέως
428 4293 587 4370 Ἀλεξίου,
624 4292 805 4374 κατέλαβον
833 4293 911 4374 πρός
946 4291 1018 4364 τοός
1046 4294 1166 4376 κριτὰς,
1192 4291 1278 4378 εἶχον
1307 4291 1342 4354 δέ
1368 4291 1413 4363 εἰς
1448 4305 1567 4376 χεῖρας

285 4423 342 4483 καί
376 4419 431 4503 τήν
458 4414 647 4504 ὑπογραφὴν
683 4424 738 4480 τοῦ
767 4414 834 4478 υἱοῦ
863 4423 917 4478 τοῦ
953 4415 1157 4501 δηλωδέντος
1193 4414 1300 4500 ἱερέως
1335 4414 1481 4489 ’Λλεξίου
1506 4423 1566 4481 καί

284 4538 381 4607 αὐτοῦ
421 4539 528 4626 ἱερέως
552 4537 656 4618 ὄντος,
693 4537 841 4626 Μιχαὴλ,
872 4535 957 4610 ὅστις
992 4540 1101 4624 παρών
1133 4536 1283 4624 ἐγνώρισε
1319 4543 1357 4602 τὰ
1381 4512 1568 4624 Ιγράμματα

283 4673 337 4730 τοῦ
366 4667 482 4749 πατρός
512 4659 608 4728 αὐτοῦ
642 4668 765 4727 ἐκείνου
800 4667 993 4727 κατενώπιον
1024 4671 1077 4726 τοῦ
1112 4666 1292 4748 πράκτορος
1320 4661 1462 4736 Λέοντος
1499 4677 1557 4732 του
