3190 5284
244 231 285 294 92

239 421 350 488 ἵστατο
381 426 679 511 συγκεκολλημένον
710 425 754 498 είς
782 428 837 511 τὴν
871 431 998 512 κόγχην
1022 436 1077 513 τῆς
1101 427 1292 512 έκκλησίας,
1322 430 1362 490 τὰ
1389 427 1427 489 δὲ
1460 425 1533 488 δύο

244 547 335 612 ἔνδον
364 557 419 612 που
447 557 604 635 φραγμοῦ·
633 549 687 613 διὰ
716 553 777 632 γὰρ
806 558 898 613 τοῦτο
928 547 1069 628 ἐγεγόνει
1095 553 1152 614 καί
1175 554 1211 614 τό
1237 553 1337 634 παρόν
1360 545 1536 636 ἡμέτερον

243 675 376 758 γράμμα
410 670 467 736 καὶ
502 671 644 759 ἐπεδόθη
679 675 722 758 τῷ
755 675 993 759 καθηγουμένιρ
1028 683 1084 760 τῆς
1120 675 1288 760 βασιλικῆς
1323 683 1422 760 μονῆς
1461 683 1537 735 τῶν

244 796 393 880 Λέμβιυν,
417 797 502 880 κοριβ
524 794 705 881 Γερασίμῳ,
732 796 777 870 είς
800 801 835 862 τό
863 801 1014 884 κατέχειν
1039 806 1138 862 ταῦτα
1161 795 1181 884 ἡ
1207 799 1336 883 τοιαύτη
1354 797 1434 882 μονὴ
1463 799 1537 859 καί

242 921 400 1004 νέμεσθαι
422 919 467 992 είς
496 921 568 991 τούς
597 918 668 1004 ἑξῆς
696 924 753 983 καί
781 921 936 1006 διηνεκεῖς
964 924 1106 1007 χρόνους.
1138 926 1245 1008 μηνί
1281 919 1533 1006 ἆπριλλίῳ
1583 937 1584 940 ’

242 1041 320 1106 ίνδ
357 1048 518 1128 τρίτης
551 1047 581 1122 β

330 1151 663 1246 γΝικόλαυςό
691 1166 829 1253 Ἀδόμ
857 1171 885 1248 †.

489 1396 626 1462 XXXVI.
644 1397 720 1462 Sine
737 1417 827 1478 ευυυ,
846 1417 951 1476 meuse
967 1399 1097 1469 octobri.
1115 1398 1179 1464 ind.
1199 1399 1263 1464 XII.
1316 1405 1317 1408 ’

573 1543 752 1599 Μοκαείααίο
767 1547 841 1599 duae
858 1545 973 1600 απόονεε
988 1547 1189 1602 restituuntur.

330 1691 558 1780 †‘'Etspov
582 1693 877 1782 έρμάρτορον
903 1701 1089 1782 γράμμα
1113 1707 1315 1764 τοπικῶν
1341 1695 1529 1782 ἀνθρώ-

241 1842 328 1884 πων
357 1823 494 1906 χάριν
523 1829 605 1902 τών
639 1817 1041 1884 ἀνασπασθέντών
1077 1821 1155 1884 δόυ
1190 1822 1392 1905 δένδρων
1429 1817 1529 1885 ἀπὸ

243 1905 320 2008 λοῦ
350 1943 580 2015 Φοίνικος
608 1943 904 2016 δυναστικώς
933 1943 974 2008 οἱ
1003 1941 1235 2010 αὐθένται
1263 1939 1408 2009 αὐτῶν
1438 1948 1472 2024 †.

332 2083 495 2170 γΜηνί
524 2081 760 2168 όκτονβρίῳ
787 2083 867 2148 ίνδ.
899 2081 1251 2172 ιβ’ἡμέρυρέκτη
1279 2087 1528 2172 παρεδώκαμεν

243 2213 283 2274 τὰ
308 2205 423 2294 δένδρα
446 2211 485 2270 τὰ
511 2207 646 2293 πλησίον
675 2215 730 2293 τῆς
755 2215 853 2294 μονης
876 2203 1015 2294 τοῦνομα
1043 2217 1097 2273 τοῦ
1123 2208 1274 2282 Φοίνικος
1298 2213 1353 2273 καί
1375 2209 1528 2296 πλησίον

242 2342 297 2397 του
325 2329 426 2410 Λεγᾰ,
455 2327 532 2414 ἅπερ
558 2327 740 2398 ἀνίστασαν
765 2329 794 2394 οἱ
818 2329 981 2417 ἄνθρωποι
1009 2343 1069 2397 τῶν
1093 2329 1255 2397 αὐθεντῶν
1279 2329 1381 2420 ἡμῶν,
1413 2331 1528 2420 ἤγουν

242 2457 356 2539 δένδρα
380 2455 447 2531 δύο,
470 2451 523 2517 ἵνα
548 2455 589 2540 μὴ
608 2452 657 2518 ἐπί
680 2453 775 2518 πλέον
798 2455 922 2540 ἔχωμεν
943 2459 1052 2542 κρίμα,
1077 2453 1282 2541 ἐπεδώκαμεν
1303 2465 1402 2520 ταῦτα
1424 2453 1527 2530 ἐντός

242 2587 297 2643 τοῦ
325 2575 499 2642 όσιωυυίτυυ
526 2573 718 2663 ἡγουμένου,
748 2587 844 2663 κοροῦ
869 2577 1061 2656 Καλλίστου,
1086 2583 1221 2644 καὶτοῦ
1246 2577 1432 2664 οίκυνόμυο,
1458 2591 1526 2645 τοῦ

216 2788 220 2799 ,
241 2711 386 2790 μοναχοῡ
403 2701 503 2784 Σάβα,
527 2704 583 2766 καί
599 2699 712 2786 ἑτέρων
737 2711 895 2788 μοναχών,
913 2706 970 2784 καί
992 2701 1047 2766 διὰ
1071 2704 1105 2768 τό
1131 2701 1311 2780 ἀξιόπιστον
1328 2697 1526 2790 όπεγράψα-

242 2847 299 2912 μεν
322 2830 379 2890 καὶ
398 2821 488 2911 ἡμεῖς
512 2820 529 2887 ό
553 2847 586 2888 τε
603 2825 765 2910 Θεόδωρος
790 2823 987 2910 όΜαρτῖνυς,
1012 2824 1169 2912 Γεώργιος
1193 2824 1394 2911 όΚακαβᾰς,
1419 2827 1523 2893 Λέων

242 2948 259 3016 ό
273 2949 439 3036 Ἀρμένης,
454 2946 550 3020 Ξένυς
563 2945 579 3012 ό
593 2947 764 3032 Κακαβᾱς,
780 2947 943 3022 Νικόλαος
957 2947 973 3013 ό
986 2947 1155 3033 Κακαβᾱς,
1169 2955 1225 3014 καί
1237 2947 1443 3036 ἐπεδώκαμεν
1457 2954 1523 3040 τὴν

241 3083 405 3160 παροῦσαν
424 3068 514 3160 ἡμῶν
539 3070 735 3157 έμμάρτορυν
756 3073 932 3157 παράδυσιν
953 3075 1030 3159 πρός
1051 3073 1106 3157 την
1124 3073 1220 3158 μονὴν
1244 3083 1304 3138 τών
1327 3071 1466 3160 Λέμβιυν
1486 3081 1522 3157 †.

466 3301 617 3370 XXXVII.
636 3301 711 3370 Sine
728 3321 819 3380 ευιυ,
835 3323 943 3368 mense
959 3301 1110 3382 ianuario,
1127 3301 1194 3369 ind.
1211 3301 1291 3368 XHI.

432 3451 602 3506 Pramaccio
618 3457 692 3507 ι’κίει·
707 3451 875 3507 Μίσίιαόίσικ
890 3445 1044 3507 Ρὲίνέιιαικ
1059 3463 1085 3506 τί
1100 3453 1312 3507 monasterium.

331 3598 563 3688 †‘'I⁴2tep0v
592 3605 974 3689 συμβιβαστικὸν
1003 3608 1189 3688 γράμμα
1222 3606 1523 3690 στρατιώτου

242 3725 476 3812 Γεωργίου
511 3736 587 3790 τοῦ
623 3726 855 3812 Πετρίτζη
891 3724 1219 3800 ἀπολύσαντος
1255 3725 1395 3792 αὐτοῦ
1431 3728 1521 3814 την

242 3851 565 3938 διαφέρουσαν
593 3848 711 3936 αὐτῷ
744 3849 1008 3940 ἀδελφικὴν
1044 3853 1214 3937 μερίδα
1243 3849 1309 3924 είς
1338 3853 1384 3916 τό
1411 3873 1521 3916 πεν-

241 3977 439 4060 θερικόν
483 3971 623 4040 αὐτοῦ
666 3975 959 4060 περιβόλιυν,
1000 3973 1095 4040 ἀνθ’
1139 3969 1278 4060 οὗπερ
1328 3973 1519 4064 ἐδέχθη

242 4096 473 4184 ἀρπέλιον
501 4107 578 4162 τοῦ
607 4096 691 4164 ἀπό
720 4106 796 4162 τοῦ
826 4107 1035 4184 μοναχυῦ
1064 4097 1425 4178 Σκοολλοίτοογ.

622 4237 735 4318 Σίγνον
824 4228 993 4336 ίΓεώργίου
1017 4262 1113 4325 στρα-

624 4365 734 4426 τιώτυυ
762 4352 1000 4459 ποώίΠετρίτζη.

328 4508 349 4584 †
370 4501 487 4591 Μηνὶ
512 4502 801 4588 ίαννοοαρίιρ
824 4501 886 4567 κα’
912 4501 992 4567 ίνδ.
1017 4501 1079 4582 ιγ’.
1101 4505 1280 4586 κατέλαβον
1297 4506 1352 4589 την
1369 4509 1516 4590 σήμερον

243 4626 274 4690 έν
291 4637 330 4713 ιη
346 4629 507 4713 σεβασμίη
522 4628 672 4714 βασιλικη
694 4638 775 4713 μονῇ
800 4637 858 4690 τών
879 4625 1014 4711 Λέμβιυν
1037 4625 1099 4704 ἐγὼ
1121 4627 1277 4714 Γεώργιυς
1297 4626 1314 4691 ό
1336 4629 1514 4716 Πετρίπζης
