3228 5296
1257 289 1302 352 29

43 485 145 560 ἀγαθόν
167 486 340 568 χορηγίαν
371 480 515 570 ὅσωνπερ
539 479 598 548 ούκ
623 483 707 548 ἔστιν
736 481 832 547 είπείν
860 477 935 552 ούδί
960 478 1193 568 ἐξηγήσασθαι,
1218 477 1303 544 ἀλλὰ

42 610 77 691 τῂν
95 609 156 690 περί
180 604 239 692 ἐμὲ
264 609 442 694 τοσαύτην
463 611 667 694 χρηστότητα
688 618 815 693 μικραῖς
838 625 916 670 τισιν
941 603 1090 692 ἀμοιβαῖς
1113 608 1168 669 καί
1193 625 1303 670 ταπει-

40 742 85 804 ναῖς
103 731 312 815 δεξιούμεθα.
343 735 408 796 καί
431 727 505 798 ὅσον
528 741 733 818 παραστῆσαι
760 733 855 816 μόνον
878 733 914 796 τό
939 727 1100 816 εὔγνωμον
1123 731 1180 794 καί
1202 749 1303 815 προσ·

40 859 143 942 ρίρομεν
165 851 279 941 ὥσπερ
298 879 334 920 τι
362 857 468 942 δῶρον
491 857 546 942 τὴν
570 853 745 942 ὁμολογίαν
766 863 821 942 τῆς
837 858 980 942 χάριτος,
1006 853 1072 920 ἐπεί
1087 851 1149 919 κᾶν
1173 851 1236 920 ὅσα
1258 875 1304 928 τις

40 979 203 1064 ἐεινοήοειεν
229 977 279 1052 είς
308 977 515 1066 ἀντάμειψιν,
544 977 605 1043 κᾶν
630 975 692 1043 ὅσα
715 982 771 1043 καί
796 975 1024 1058 ἀνταποδόσει,
1049 979 1104 1066 τήν
1129 975 1220 1054 ἀξίαν
1244 974 1303 1042 οόκ

40 1101 153 1168 ἐπότισεν
178 1099 344 1192 ἀμοιβὴν,
373 1105 428 1167 τόν
453 1103 585 1166 δονατόν
609 1103 645 1166 δέ
668 1105 783 1188 τρόπον
804 1105 844 1166 τὰ
867 1109 922 1189 τῆς
944 1099 1072 1190 δφειλης
1089 1103 1302 1190 διεμέτρησεν.

40 1227 154 1292 ἐντεῦθεν
182 1239 249 1300 τοῖς
283 1225 393 1314 ἱεροῖς
423 1231 576 1312 σεμνείοις
605 1237 670 1300 τοῖς
699 1225 741 1312 τῷ
767 1235 823 1314 τῆς
848 1222 1023 1311 ύπερσίγνοο
1051 1247 1112 1310 μοο
1135 1225 1304 1313 δεσποίνης

37 1355 75 1414 ιιιί
93 1354 296 1437 δεομήτορος
326 1351 634 1436 ἐπισεμνεοομίνοις
664 1347 795 1435 ὀνόματι
823 1351 939 1437 ταύτην
963 1346 1006 1423 ὡς
1030 1345 1099 1414 ἐνόν
1122 1350 1304 1436 ποιούμεθα

39 1477 76 1560 τὴν
94 1473 233 1540 ἀπότισιν
259 1474 310 1560 τῷ
338 1477 384 1540 τὰ
407 1477 494 1560 παρα
522 1484 582 1538 τῶν
607 1472 639 1538 ἐν
663 1467 743 1560 αύτη
769 1483 918 1560 μοναχῶν
942 1472 1120 1560 ἐξητημίνα
1142 1474 1305 1560 παρεοδύς

39 1597 145 1662 ἐκτελεῖν
166 1602 226 1663 ααί
249 1602 425 1684 παρέχειν
446 1599 553 1684 ταύτη,
579 1599 674 1684 χάριν
699 1601 813 1682 μικρόν
839 1601 906 1684 μίν,
931 1594 969 1662 ἐκ
992 1598 1159 1686 ριλοπίμοο
1182 1597 1218 1662 δέ
1242 1619 1304 1684 χο-

39 1721 206 1810 ρηγοομίνην
245 1727 379 1809 ψυχῆς.
409 1723 486 1807 πρός
518 1721 558 1808 δη
586 1733 651 1794 τοῖς
684 1719 795 1793 ἄλλοις
827 1725 883 1786 καί
910 1722 967 1808 τὴν
995 1721 1173 1808 σεβασμίσν
1206 1723 1304 1809 μονὴν

38 1857 76 1933 ’.ης
94 1848 261 1930 βασιλείας
291 1867 363 1932 μου
389 1855 446 1930 τῆς
468 1839 644 1932 ύπεριίγνοο
669 1865 729 1932 μού
753 1843 921 1931 δεσποίνης
944 1849 999 1909 καί
1023 1845 1225 1932 δεομητορος
1248 1843 1303 1932 τίγν

38 1981 78 2034 τόν
101 1971 235 2056 Λέμβιον
267 1969 486 2054 κεκλημένην
517 1970 648 2054 τοιούτῳ
677 1969 871 2053 δεξιούμεθα
899 1971 1012 2054 τρόπῳ,
1036 1972 1094 2033 καί
1112 1989 1304 2056 προσεπιπη-

37 2096 140 2180 δεύομεν
167 2091 256 2160 ούπιο
290 2095 357 2182 τὴν
388 2089 598 2179 δφειλομὲνην
626 2095 683 2156 καί
715 2091 844 2156 δικαίαν
875 2089 1072 2178 ἀντάμειψιν.
1108 2089 1175 2157 ἐπεὶ
1203 2097 1305 2158 τοίνον

39 2219 57 2282 τί
73 2217 98 2282 ἐν
111 2231 149 2306 τη
170 2219 319 2302 τοιαύτη
342 2217 508 2302 σεβασμίιγ
529 2227 610 2302 μονη
632 2213 861 2301 ἐνασκούμενοι
882 2221 1022 2303 μοναχοί
1044 2217 1308 2302 παρεκλήτεοσαν

38 2346 74 2426 ην
97 2344 268 2426 βασιλείαν
306 2363 376 2426 μοο
405 2340 643 2426 χροσοβούλλοο
671 2341 787 2426 ταύτης
808 2351 919 2436 Ιτοχείν
948 2338 993 2413 τίς
1018 2337 1097 2426 ἅπερ
1126 2335 1307 2426 εύρίσκετοιι

38 2472 195 2554 ιαεέχοοσα
220 2469 287 2531 καί
316 2465 482 2549 νεμομίνη
507 2462 647 2527 ἔκπαλαι
676 2467 732 2527 καί
756 2467 851 2550 μεχρι
873 2471 928 2528 τού
952 2471 1005 2528 νύν
1029 2463 1083 2528 διὰ
1106 2465 1307 2552 χροσοβούλ-

39 2591 77 2654 λοο
96 2599 144 2655 τού
168 2589 341 2674 ἀοιδίμου
361 2587 526 2672 βασιλέως,
552 2595 606 2651 τού
622 2589 714 2652 δείοο
736 2596 792 2672 τῆς
810 2588 974 2670 βασιλείας
992 2609 1062 2672 μοι),
1079 2597 1177 2674 κορού
1200 2587 1308 2656 Ἰωάν-

37 2737 74 2777 νοο
95 2725 143 2779 τού
171 2715 316 2790 Δοῦκα,
354 2707 440 2774 ἀλλὰ
467 2711 506 2798 δὴ
534 2715 591 2774 καί
615 2709 670 2775 διὰ
697 2711 939 2796 χροσοβούλλοο
963 2719 1018 2777 τού
1043 2709 1192 2798 ἀοιδίμοο
1216 2713 1322 2796 βασι-“

38 2838 94 2912 ’νίας
113 2849 165 2906 τοῦ
191 2833 375 2904 αύθέντοο
398 2837 455 2898 καί
477 2835 594 2920 πατρὸς
618 2841 674 2920 τῆς
698 2835 863 2918 βασιλείας
888 2857 948 2921 μοο
972 2839 1030 2900 καί
1053 2833 1168 2921 ἕτερον
1191 2836 1310 2925 διαρδ-

40 2984 80 3044 μιν
98 2965 353 3049 δικαιωμάτων,
377 2953 459 3022 ὥστε
482 2953 635 3044 κατέχειν
659 2967 758 3022 ταῦτα
782 2961 838 3022 καί
862 2957 907 3032 είς
930 2961 966 3023 τύ
990 2955 1061 3046 δίης
1087 2957 1310 3047 ἁνενοχλητας

40 3109 62 3148 α
81 3093 129 3152 καὶ
155 3083 415 3175 ἆναφαιρέτιος,
443 3077 464 3168 ἡ
493 3081 641 3165 βασιλεία
670 3103 730 3167 μοο
754 3075 892 3168 εὐμενῶς
923 3082 979 3169 την
1003 3085 1119 3148 τούτοιν
1141 3103 1310 3171 προσηκο-

42 3215 96 3298 ρένη
119 3209 348 3298 ταραίκλησιν
376 3205 429 3270 τόν
456 3207 598 3290 παρόντα
625 3205 864 3291 χροσόβοολλον
891 3205 988 3285 λόγον
1017 3203 1163 3290 ἐπορίγιι
1192 3201 1309 3286 αύποῐς,

43 3333 70 3394 δι’
90 3331 121 3398 ού
143 3335 366 3421 προστάσσει
394 3333 451 3393 καί
477 3327 664 3414 διορίζεται,
699 3333 850 3416 κατίχειν
878 3331 994 3415 ταύτην
1022 3333 1079 3395 καί
1107 3328 1152 3404 τίς
1179 3331 1214 3395 τύ
1239 3328 1310 3418 δίης

42 3461 68 3520 τί
89 3463 244 3544 προσόντα
277 3449 371 3539 αὐτῇ
400 3453 454 3516 διὰ
481 3462 540 3516 τῶν
569 3451 740 3540 είρημίνον
768 3453 1012 3539 χροσοβούλλονν
1041 3459 1098 3520 καί
1126 3453 1240 3542 ίτέρονν
1263 3456 1312 3520 δι-

43 3587 220 3669 ιαισμιίτιον,
247 3577 381 3650 καθείς
404 3581 537 3663 καπίχει
561 3585 661 3642 ταῦτα
685 3582 783 3664 μόχρι
806 3586 861 3642 τού
881 3587 949 3656 νύν,
973 3583 1013 3644 τὰ
1036 3583 1092 3644 καί
1115 3579 1235 3667 ἔχοντα
1260 3575 1311 3645 ού-

43 3725 92 3778 τιις·
120 3711 152 3772 τὸ
189 3705 291 3776 ἐντός
327 3707 385 3765 τοό
411 3703 558 3786 περιόροο
588 3696 686 3786 αὐτῆς
720 3705 908 3788 προάστειον
936 3705 972 3767 τό
1007 3701 1232 3790 ἐπιλεγόμενον
1271 3708 1311 3769 τὰ

45 3826 186 3918 ίρούρνοο,
213 3827 305 3911 ὅπερ
333 3823 508 3910 περιῆλθεν
532 3819 613 3910 αότη
639 3825 677 3888 ἐκ
700 3825 912 3910 προσενίξειος
935 3835 990 3890 τού
1014 3825 1182 3892 Καλοειδιί
1204 3827 1310 3913 Γεαρ-

45 3955 100 4028 γίοο.
121 3957 155 4020 τύ
180 3953 216 4018 ἐν
243 3951 295 4037 τῷ
323 3941 410 4032 αύτῷ
437 3951 615 4033 προαστείῳ
640 3943 850 4034 ύδρομολικύν
879 3950 1078 4036 όλοκαιρινύν
1102 3949 1311 4038 ἐργαστήριον

46 4081 83 4139 ατί
104 4078 293 4163 τεριβύλιον
329 4073 410 4157 μετὰ
432 4069 568 4155 δένδρισν
597 4067 819 4160 δπωρορόριον,
848 4070 929 4159 ὅπερ
956 4071 1184 4162 ἐπεκτήδησαν
1211 4075 1310 4160 ταύτῃ

48 4195 201 4272 ἰίοίκείιον
229 4195 462 4280 ἆναλωμᾰταν
478 4197 534 4258 καί
557 4193 683 4271 ἐξόδιον.
709 4193 754 4268 εἰς
776 4199 811 4261 τό
828 4201 946 4284 χοιρίον
969 4199 1024 4286 τὴν
1047 4197 1213 4265 Μάνταιαν
1238 4221 1311 4284 μετ·

49 4323 113 4409 όχιον
139 4334 195 4391 τοῦ
228 4321 337 4402 ἁγίοο
365 4317 642 4405 Παντελεημονος,
670 4319 843 4406 περιελθὸν
872 4332 911 4408 τῇ
935 4333 1017 4409 μονῇ
1042 4319 1080 4386 ἐκ
1102 4325 1314 4408 προσενίξειες

49 4443 165 4524 ’ίλεξίοο
194 4447 320 4534 ίερέως
350 4449 405 4506 τού
433 4439 588 4508 Τεσαίτοο
616 4445 673 4507 καί
700 4451 756 4508 τού
786 4453 931 4533 μοναχοό
953 4443 1115 4530 Μαξίμου,
1143 4443 1220 4533 ύπερ
1244 4446 1316 4535 ίχιι

51 4575 88 4634 ταί
112 4571 224 4660 ίτίραν
256 4566 444 4652 ἐκκλησίαν
474 4575 531 4653 τῆς
562 4561 738 4653 ύπεράγνοο
769 4589 830 4654 μοο
860 4569 1031 4655 δεσποίνης
1061 4573 1119 4634 καί
1149 4573 1315 4659 δεομητο-

53 4713 87 4774 γις
108 4701 162 4762 καί
189 4693 353 4780 γύραθεν
381 4689 496 4776 ταύτης
522 4689 637 4754 κελλία
663 4695 720 4756 καί
749 4685 858 4779 αέλην,
887 4693 1004 4778 δίνδρα
1032 4690 1223 4784 όταρορόρα
1243 4695 1318 4760 δια-
