3228 5296
1315 299 1358 366 37

73 497 190 578 ζημίας
213 503 363 560 ποιοόσιν
389 495 436 570 είς
462 493 566 576 αὑτὸν,
590 495 648 563 καὶ
670 499 842 586 διορίζεταί
867 521 918 564 σοι
941 495 962 586 ή
987 497 1135 582 βασιλεία
1159 518 1230 584 μου,
1255 493 1298 568 ὑς
1319 492 1358 560 ἀν

73 614 202 704 ίειστης
230 623 322 684 κατὰ
349 623 469 694 τόπους
496 625 552 686 καί
574 625 718 710 τηρήσῃς
741 625 781 687 τὰ
803 625 872 708 περί
896 623 1050 706 τοό[του],
1074 624 1132 686 καί
1154 619 1239 706 εἴπερ
1263 615 1358 706 εὑρή-

74 763 138 814 σεις
164 745 470 830 προσκαθημένους
505 745 577 818 τυδς
610 751 785 832 παροίκους
818 755 873 811 τοῦ
909 743 1055 832 Συργαρή
1091 743 1124 808 ίν
1156 742 1201 829 τῷ
1227 737 1360 830 βηθόντι

71 870 170 950 τυτίιρ
195 875 259 952 τῆς
284 877 395 954 μονής,
417 863 470 932 ’ἵνα
495 869 621 954 ἐγείρῃς
645 863 761 942 αόεοὺς
783 874 840 934 καί
865 869 907 956 μή
932 869 1156 954 βουλομένους,
1179 865 1236 934 καί
1258 886 1359 952 προσ-

71 991 223 1074 καθίσης
252 985 372 1064 αὑτοὺς
401 989 446 1064 είς
469 995 563 1056 τόπον
584 993 776 1079 διαρέροντα
799 989 842 1078 τῷ
865 989 1022 1079 Συργαρή,
1054 996 1110 1057 καί
1135 992 1178 1079 μή
1201 1011 1358 1076 παραχω-

73 1117 179 1200 ρήσης
209 1111 402 1180 ἀδικεῖσθαι
430 1117 474 1202 τῷ
500 1119 590 1201 μίρει
618 1124 674 1202 εής
698 1125 796 1203 μονής
818 1120 905 1202 παρὰ
929 1125 984 1181 τοῦ
1008 1115 1163 1203 Συργαρῆ.
1188 1109 1238 1179 ίπί
1259 1115 1358 1196 τούτῳ

71 1241 134 1322 γάρ
157 1235 312 1317 ἐγεγόνει
331 1241 410 1323 πρός
434 1243 470 1304 σὲ
493 1243 549 1302 καί
573 1237 590 1304 δ
614 1241 721 1326 παρὼν
745 1249 800 1328 της
824 1239 990 1324 βασιλείας
1007 1261 1067 1326 μου
1091 1236 1231 1326 όρισμός.
1257 1237 1358 1326 εἶχε

72 1365 130 1426 τό·
159 1365 277 1449 μηνί
305 1358 467 1447 ίουνίιρ
500 1359 802 1437 ίνδικτιιθνος
837 1361 866 1451 η’
899 1357 950 1427 δι’
987 1359 1196 1450 ἕρυθριθν
1224 1381 1360 1449 γραμ-

72 1489 237 1570 μάτεεν
262 1493 343 1572 τής
367 1487 621 1574 βασιλικῆς
644 1485 724 1552 καί
747 1489 887 1561 θείας
914 1490 1086 1575 χειρός.
1111 1485 1262 1560 ὡσαύτως
1291 1484 1360 1550 ίνε-

70 1614 221 1698 γόνισαν
236 1605 312 1696 ήμίν
328 1615 385 1674 καί
399 1607 506 1696 ἕτερον
524 1611 689 1694 βασιλικόν
705 1615 923 1699 προσκυνητόν
940 1609 1071 1698 ὁρισμόν
1088 1609 1117 1678 οί
1134 1609 1197 1676 ἀπό
1214 1621 1269 1698 τήε
1284 1632 1361 1698 προ·

71 1737 165 1808 νοίας
185 1742 244 1798 τοῦ
259 1727 356 1798 αὑτοῦ
369 1731 516 1821 Συργαρή
529 1731 715 1822 Ποταμηνοί
730 1733 763 1811 δή
776 1731 980 1822 ὑπομνήσεως
993 1730 1096 1800 αὑτῶν
1108 1739 1264 1816 γεγονότα
1277 1731 1360 1800 οὑτιε

70 1861 163 1924 κατὰ
193 1851 284 1944 ῥήμα
307 1858 584 1943 διακελευόμενον·
610 1857 787 1944 τολμῶντες
807 1857 837 1925 οί
858 1856 979 1935 ἀνάξιοι
999 1857 1109 1924 δοῦλοι
1129 1867 1186 1946 τῆς
1201 1869 1360 1944 κραταιᾶς
1492 1901 1494 1906 -

70 1987 129 2047 καί
155 1978 262 2060 ἁγίας
286 1981 453 2065 βασιλείας
476 2003 534 2048 σου
558 1979 767 2072 ἀναρέρομεν,
787 1983 929 2048 δέσποτα
948 1979 1036 2070 ήμῶν
1060 1981 1142 2065 ἅγιε,
1167 1981 1197 2049 οί
1219 1981 1282 2048 ἀπό
1303 1991 1360 2050 τοό

71 2106 232 2192 ἀγριδίου
249 2109 290 2170 τὰ
305 2105 459 2192 Ποταμοό
475 2103 652 2193 ὁρμώμενοι
666 2111 818 2194 πάροικοι
830 2115 886 2173 τοὺ
901 2107 1123 2194 καβαλλαρίοο
1139 2115 1195 2173 τοὺ
1211 2106 1358 2193 Συργαρή

70 2231 131 2296 καὶ
156 2229 308 2295 ἔκπαλαι
323 2233 589 2317 προσκαθήμενοι
605 2229 634 2296 οἱ
651 2243 752 2310 γονεῖς
767 2227 857 2318 ήμῶν
879 2231 924 2305 είς
941 2235 1034 2298 τόπον
1058 2233 1110 2296 τὺν
1135 2229 1361 2316 ἐπιλεγόμενον

74 2361 114 2420 τὰ
138 2355 312 2442 Σφοὺρνου
334 2359 391 2430 καί
411 2351 456 2426 τίς
472 2348 567 2418 αὑτόν
583 2357 623 2419 τὰ
643 2353 802 2442 Ποταμοδ-
819 2360 875 2420 καί
899 2357 1132 2442 συνεστήσαντο
1158 2355 1361 2440 βελτιώματα

73 2485 132 2544 καί
149 2475 201 2551 ὡς
217 2477 351 2564 εἴχομεν
366 2487 465 2542 ταῦτα
476 2473 567 2564 ἡμεῖς
582 2475 644 2543 ἀπό
660 2489 720 2543 τόν
737 2483 854 2559 γονίων
868 2501 940 2566 μας,
956 2481 1292 2566 προσεπεκτησαίμεθα
1304 2483 1361 2543 καὶ

74 2601 176 2688 ἔτερα
214 2597 424 2678 ὑποστατικά,
449 2597 529 2667 ὥστε
565 2603 725 2668 δύνασθαι
757 2599 843 2691 ήμας
877 2603 1001 2667 διδόναι
1029 2607 1068 2668 τὰ
1097 2601 1258 2690 ἀνήκοντα
1286 2599 1360 2690 ἡμῖν

73 2729 154 2815 τέλη
181 2723 243 2791 καὶ
267 2725 454 2812 δημοσιακά
470 2729 648 2813 ζητήματα,
673 2725 718 2800 είς
739 2727 777 2790 δὲ
800 2729 856 2815 τήν
880 2729 979 2816 μονήν
1001 2737 1058 2813 τῆς
1082 2724 1254 2814 ὑπεραγίας
1277 2730 1359 2792 θεο-

73 2855 178 2916 τόκοο
215 2859 274 2936 τῆς
307 2847 554 2937 Λεμβιιοτίσσης
588 2849 861 2937 ἀπεχαρισιίμεθα
900 2847 1110 2938 ὑδρομυλικόν
1149 2853 1360 2937 ἐργαστήριον

78 2975 122 3048 τίς
159 2977 368 3060 μνημόσυνον
403 2983 462 3037 τῶν
491 2979 608 3054 γονίουν
635 2970 734 3062 ἡμῶν.
759 2979 799 3041 τὰ
833 2984 886 3040 νῦν
917 2977 952 3040 δί
980 2973 997 3040 ό
1031 2979 1279 3064 καθηγούμενος
1302 2983 1360 3062 τής

77 3100 234 3185 τοιαύτης
264 3105 363 3186 μονής
390 3091 450 3162 οὐκ
485 3096 628 3184 ἀρκεῖται
652 3098 697 3172 τίς
721 3102 775 3164 τόν
809 3103 904 3166 τόπον
928 3109 983 3165 τοῦ
1013 3097 1223 3188 ὑόρομυλικοῡ
1259 3098 1359 3185 ἔργα·

79 3221 229 3310 στηρίου,
268 3217 353 3286 ἀλλὰ
379 3233 525 3308 πειρᾶται
548 3221 710 3308 ίειυθήσαι
733 3219 819 3310 ήμας
842 3227 898 3288 καί
932 3222 994 3288 ἀπό
1018 3235 1079 3289 τῶν
1106 3235 1241 3305 γενικῶν
1270 3221 1360 3312 ήμῶν

3 3427 4 3438 η
80 3349 320 3432 βελτιεομοίτων·
343 3349 401 3410 καί
430 3346 575 3432 δεόμεθα
598 3345 656 3411 καὶ
684 3349 935 3434 παρακαλοῦμεν
959 3351 993 3412 τό
1019 3348 1133 3415 ἔνθεον
1162 3353 1280 3435 κράτος
1303 3357 1360 3437 τής

3 3447 4 3458 ¹
79 3473 176 3550 ἀγίας
203 3469 373 3555 βασιλείας
390 3491 457 3548 σου,
480 3468 533 3534 ἵνα
550 3472 593 3558 μή
618 3469 860 3559 ίκτοπισθῶμεν
884 3470 947 3538 ἀπό
970 3483 1033 3539 τῶν
1049 3472 1154 3540 οἰκιῶν
1178 3470 1278 3561 ήμῶν,
1301 3477 1359 3538 καί

76 3599 169 3664 οὑτσυ
192 3599 366 3681 γινομένου
384 3588 421 3660 οὑ
452 3597 647 3681 παυσόμεθα
663 3591 899 3683 ὑπερεόχεσθαι
923 3607 978 3684 τής
995 3607 1152 3684 κραταιᾶς
1175 3601 1232 3662 καί
1256 3595 1354 3677 ἁγίας

81 3723 253 3805 βασιλείας
283 3741 355 3797 σου,
387 3715 427 3806 ής
453 3715 497 3794 ὣς
521 3719 630 3785 δοῦλοι
653 3720 872 3807 τολμήσαντες
902 3717 1094 3809 ἐδεήθημεν.
1127 3725 1183 3802 καί
1214 3717 1359 3788 ὄπισθεν·

80 3849 191 3933 δίησις
215 3841 353 3919 ἀναξίων
377 3843 499 3908 δοίλιυν
522 3853 577 3931 τής
600 3855 757 3930 κραταιᾶς
780 3848 837 3908 καί
855 3842 949 3924 ἁγίας
974 3844 1140 3929 βασιλείας
1164 3867 1221 3910 σου
1243 3847 1359 3930 παροί·

80 3991 141 4036 κεν
168 3980 233 4034 τῶν
258 3966 469 4054 Ποταμηνόεν.
498 3971 554 4032 καί
579 3969 624 4032 τὸ·
650 3963 667 4031 ό
690 3971 905 4056 περιπόθητος
922 3971 1011 4042 θεῖος
1035 3977 1090 4056 τῆς
1112 3969 1278 4053 βασιλείας
1298 3987 1359 4054 μου

80 4099 132 4160 καί
155 4094 236 4169 θεὸς
261 4100 317 4158 τοῦ
341 4094 486 4178 θίματος
508 4101 568 4156 τῶν
593 4091 783 4179 Θρακησίων
812 4100 871 4179 κῦρ
895 4089 1042 4179 Ἱιοόννης
1066 4087 1083 4156 δ
1105 4089 1282 4171 Ἄγγελος,
1305 4088 1358 4156 ἵνα

81 4222 204 4306 τηρήσῃ
230 4219 273 4281 τά
296 4218 368 4301 περί
399 4211 442 4278 ὧν
466 4226 504 4302 τή
530 4216 677 4300 βασιλείυρ
702 4237 762 4300 μου
786 4213 997 4304 ὑπεμνήσατε,
1028 4213 1086 4280 καὶ
1109 4213 1194 4300 εἴπερ
1218 4211 1357 4302 εὑρήσει,

82 4347 120 4416 ἀς
146 4343 194 4417 τίς
218 4345 258 4407 τό
275 4339 365 4413 ἐντὸς
382 4339 577 4426 δηλούμενον
603 4337 744 4424 ἀγρίδιον
766 4339 906 4404 ἔκπαλαι
922 4343 979 4403 καί
1000 4342 1059 4426 πρά
1083 4342 1209 4426 χρόνων
1230 4338 1357 4404 πολλῶν

82 4463 158 4552 ήσαν
186 4465 219 4533 οί
249 4475 355 4545 γονεῖς
385 4457 470 4548 ὑμῶν
497 4465 764 4550 προσκαθήμενοι
788 4461 822 4527 ἐν
845 4464 889 4548 τιβ
913 4427 1044 4548 τοιοὺτιρ
1068 4467 1180 4548 τοπίιρ,
1206 4465 1358 4550 συνεστή-

4 4625 6 4682 γ
84 4613 170 4659 σαντο
184 4592 410 4678 βελτιώματα,
428 4583 506 4673 ἅπερ
518 4591 574 4650 καί
588 4582 674 4672 ὑμείς
687 4583 831 4673 εὑρόντες
843 4589 1170 4674 προσεπεκτήσασθαι
1182 4591 1239 4651 καί
1249 4583 1356 4673 ἕτερα,

83 4715 117 4780 δι’
134 4715 179 4784 ὧν
203 4715 378 4782 δύνασθαι
405 4709 556 4793 [διδόναι]
580 4713 683 4774 πάντα
707 4714 746 4776 τὰ
763 4708 924 4798 ἀνήκοντα
949 4706 1018 4797 ὑμῖν
1034 4715 1209 4796 παροικικά
1225 4715 1281 4777 καί
1297 4711 1374 4798 δη-’
