3140 5306
284 269 349 334 230

282 460 383 549 ίερεῦς
410 459 427 527 δ
455 459 611 546 Γεοίργιος
638 463 695 524 καί
717 457 834 546 ἕτεροι,
861 463 918 524 καί
947 457 1214 539 ἀναγινώσκοντες
1242 461 1295 524 τόν
1318 463 1466 545 περίορον
1491 465 1545 544 τής

187 617 190 622 ·
281 594 340 671 γῆς
360 592 418 671 Ιτῆς
441 585 644 671 δηλωθείσης
672 584 848 668 σεβασμίας
872 593 985 669 μονῆς,
1010 581 1094 648 ἀλλὰ
1117 583 1156 668 δή
1180 587 1236 648 καὶ
1259 586 1294 646 τό
1318 585 1437 667 προσόν
1463 579 1542 666 αῦτη

282 709 532 794 χρυσόβουλλον,
568 710 624 780 τάς
652 711 736 770 κατὰ
769 709 883 780 τόπους
907 708 1093 808 όροθερίας,
1130 701 1177 794 ἐφ’
1204 705 1254 779 αίς
1279 705 1308 770 οί
1331 706 1541 789 Παναρετῖται

280 817 443 918 ήριοτιῦντο
472 828 538 916 μετ’
568 828 737 914 ἐπιτιμίου,
773 813 945 914 ἀληθεύειν
973 832 1026 893 τόν
1054 833 1199 914 περίορον
1227 817 1436 912 δίυμνόμενοι
1465 829 1541 914 ἔρα-

280 973 358 1019 σκον
381 955 437 1017 καί
460 951 527 1017 ἐκεῖ
548 956 605 1026 τὰς
628 953 748 1039 στήλας
771 953 952 1038 πηγνύντες,
977 951 1060 1016 ἔνθα
1083 951 1113 1017 οἱ
1137 949 1226 1016 αὐτοὶ
1249 956 1329 1037 μετὰ
1352 961 1407 1018 τοῦ
1435 956 1541 1036 περιό-

280 1099 334 1162 ρου
358 1074 515 1141 ἐδείκνυον
539 1077 612 1149 τοῦς
635 1072 697 1140 ἀπὸ
721 1081 776 1140 τοῦ
800 1080 915 1160 μόρους
938 1083 992 1140 τοῦ
1013 1076 1122 1142 Δοῦκα
1144 1075 1257 1148 κενοῦς
1272 1080 1328 1140 καὶ
1352 1073 1541 1162 ἀπράκτους,

279 1197 322 1272 ιδς
350 1201 392 1286 μή
422 1200 557 1286 ἔχοντας
591 1200 730 1276 δίκαιον,
765 1195 813 1285 ἐφ’
838 1196 884 1270 οίς
910 1194 1041 1284 ἠδίκουν
1069 1199 1286 1276 δεικνύοντας,
1317 1195 1540 1270 ἀδυνατοῦντες

279 1323 383 1402 λέγειν
399 1345 429 1388 τι
452 1319 495 1396 ὣς
510 1325 595 1387 κατὰ
609 1325 774 1407 πρόσωπον
799 1316 952 1386 αὐτῶντὸ
976 1322 1101 1386 δίκαιον
1125 1319 1278 1386 ἀπαντῶν.
1303 1318 1346 1394 ὥς
1363 1319 1389 1386 δ’
1416 1319 1539 1406 ὡρίσθη

277 1443 316 1510 δι’
346 1443 479 1532 ὁρισμοῦ
503 1454 557 1510 τοῦ
585 1455 738 1532 κραταιοῦ
761 1449 817 1509 καί
840 1441 932 1525 ἁγίου
956 1441 1044 1533 ήμῶν
1070 1443 1227 1511 αῦθὲντου
1251 1449 1307 1510 καί
1331 1441 1538 1530 βασιλέωςό

279 1569 439 1656 δηλονθείς
456 1571 596 1655 γαμβρός
613 1589 674 1655 μου
697 1566 714 1635 δ
736 1567 953 1655 Κριτόπουλος
969 1566 1119 1632 ἀπελθεῖν
1143 1567 1187 1642 είς
1208 1569 1263 1654 τήν
1279 1569 1434 1654 δουκικήν
1459 1566 1538 1653 ἐνέρ-

278 1711 366 1772 γειαν
390 1702 446 1779 τῆς
468 1695 565 1780 νήσου
580 1692 672 1772 Χίου,
696 1688 755 1758 οῦκ
779 1693 905 1781 ἔφθασε
930 1701 1066 1779 τηρήσαι
1088 1695 1144 1756 καὶ
1168 1693 1222 1780 τήν
1246 1702 1306 1758 τῶν
1329 1690 1537 1778 Νεοχιοριτῦν

277 1813 442 1894 ὑπόθεσιν,
479 1815 563 1884 ἀλλά
594 1817 763 1902 κατίλειψε
797 1817 912 1902 ταύτην
941 1813 1106 1903 ἀτήρητον.
1142 1818 1199 1880 καὶ
1224 1815 1317 1881 πάλιν
1346 1813 1376 1880 οἱ
1406 1818 1537 1900 μοναχοί

276 1951 332 2028 τῆς
365 1941 569 2028 δηλωθείσης
603 1942 780 2025 σεβασμίας
814 1949 913 2026 μόνης
946 1943 1022 2026 πρός
1051 1962 1090 2025 με
1120 1936 1280 2028 ἀφίκοντο,
1314 1937 1367 2002 ἵνα
1394 1943 1452 2004 καὶ
1486 1939 1542 2024 τήν

277 2067 393 2131 τοῦτον
422 2059 573 2129 ἀπόθεσιν
602 2065 854 2148 διορθώσονται,
882 2067 938 2128 καί
962 2060 1153 2135 ἀποστείλας
1176 2065 1229 2128 τὸν
1245 2063 1533 2148 μεγαλοδοξότατον

188 2229 190 2234 ,
274 2193 330 2254 καί
352 2185 557 2274 ἠγαπημένον
586 2209 640 2272 μοι
669 2189 849 2274 σύντροφον,
874 2187 927 2251 τόν
951 2187 1117 2269 βασιλικόν
1141 2187 1355 2272 βιστιαρίτην,
1387 2194 1449 2270 κῦρ
1471 2183 1532 2250 Λό-

273 2331 350 2376 οντα
372 2313 425 2376 τόν
447 2309 724 2396 Μοναστηριιίιτην,
749 2312 804 2374 καὶ
826 2306 976 2374 ἀπελθόν
1000 2307 1033 2373 ὲν
1057 2307 1101 2394 τῷ
1122 2311 1222 2393 τόπῳ,
1247 2307 1330 2374 ἔνθα
1352 2312 1410 2374 καί
1432 2305 1452 2396 ή
1475 2317 1531 2370 τῶν

271 2433 481 2520 Νεοχοιριτιῑιν
509 2428 662 2505 ἀπόθεσις
690 2429 739 2518 ήν,
775 2434 989 2518 συναθροίσας
1015 2434 1071 2496 καί
1099 2429 1162 2496 ἀπὸ
1190 2441 1249 2496 τῦν
1276 2433 1376 2505 πέλας
1403 2437 1531 2520 χοιρίον,

271 2565 328 2644 τῆς
351 2579 385 2622 τε
407 2555 587 2634 Μανταίας,
617 2559 809 2642 στρατιώτην
834 2557 888 2620 τόν
909 2553 1097 2641 Πετρίτζην,
1128 2557 1181 2619 τόν
1206 2555 1348 2641 γαμβρόν
1371 2565 1428 2622 τοῦ
1451 2557 1530 2642 Θρα-

271 2682 374 2767 κήση,
402 2683 460 2744 καί
487 2677 549 2744 ἀπό
577 2689 637 2744 τῶν
664 2678 787 2744 Χειλῦν
815 2675 902 2763 ίερόα
924 2677 1088 2744 Νικόλαον
1115 2680 1167 2743 τόν
1194 2677 1414 2765 Λιβαδιῦτην,
1443 2678 1528 2744 Καλ·

274 2803 370 2868 λονόν
393 2805 445 2868 τόν
469 2800 632 2888 Δαμόλιον
656 2805 711 2866 καὶ
734 2804 787 2866 τόν
803 2799 1030 2888 Ῥαψομμοίτην
1046 2800 1208 2888 Μανυοήλ,
1233 2806 1365 2866 καὶτοῦ
1389 2806 1528 2888 περιόροο

272 2937 330 3015 της
359 2935 456 3013 μονής
480 2923 779 3011 ἀναγινωσκομόνοο
806 2924 851 2998 εἰς
875 2925 1013 3013 ἐπήκοον
1036 2929 1169 3004 πάντων,
1190 2930 1247 2990 καὶ
1269 2931 1385 2999 πάντες
1409 2925 1527 2990 οἰκοδε-

271 3053 385 3116 σπόται
412 3053 469 3116 καί
491 3051 616 3114 τοπικοί
639 3053 784 3134 γέροντες
812 3046 844 3114 ἐν
869 3046 1009 3134 ἐπιτιμίῳ
1033 3044 1058 3112 ι’
1084 3047 1194 3136 ἀληθῆ
1221 3047 1325 3130 λέγειν
1348 3052 1402 3116 τόν
1424 3054 1525 3134 περίο·

274 3193 337 3258 ρον,
362 3177 520 3257 παρίστυιν
543 3175 599 3236 καί
623 3175 681 3244 τὰς
704 3172 823 3257 στήλας
838 3171 1014 3246 δεικνύντες
1038 3171 1071 3238 ἐν
1095 3171 1141 3245 οίς
1164 3177 1269 3246 τόποις
1294 3175 1373 3258 μετὰ
1398 3180 1451 3236 τοῦ
1473 3193 1525 3235 πε-

270 3301 378 3383 ριόρου
400 3296 565 3382 ἑπήγνυυν,
590 3299 647 3360 καί
675 3292 906 3380 ἀνενοχλήτους
926 3305 980 3358 τοῦ
1004 3295 1115 3359 λοιποῦ
1139 3296 1211 3370 τοῦς
1240 3297 1403 3382 μοναχοῦς
1430 3299 1521 3359 κατί-

270 3441 386 3505 στησα,
417 3419 489 3491 τοῦς
518 3419 553 3482 δὲ
579 3416 785 3503 Νεοχιυρίτας
821 3420 935 3503 μηκίτι
964 3419 1224 3502 κατεπεμβαίνειν
1260 3429 1320 3484 τιῦν
1354 3415 1523 3504 δροθεοίυν

270 3551 325 3626 τῆς
353 3550 450 3626 μονῆς
476 3547 651 3628 πεποίηκα,
687 3543 767 3627 μηδὲ
790 3544 977 3625 πειρᾶσθαι,
1007 3539 1054 3630 ἐφ’
1079 3540 1125 3616 οίς
1149 3544 1192 3630 μή
1218 3543 1304 3630 ἔχειν
1333 3545 1457 3610 δίκαιον
1479 3545 1520 3606 δι-

270 3665 446 3730 καιοῦσθαι
472 3665 517 3750 τιρ
544 3665 630 3750 λόγῳ
652 3673 707 3752 τῆς
730 3665 929 3744 δυναστείας,
962 3663 1046 3730 ἀλλὰ
1069 3671 1172 3751 μὲνειν
1197 3665 1360 3755 ἀμφότεροι
1383 3672 1423 3732 τὰ
1447 3664 1520 3752 μέρη

268 3786 301 3852 ἐν
325 3785 410 3873 ὅροις
438 3799 501 3862 τοῖς
523 3787 617 3861 ἰδίοις
640 3791 697 3852 καλ
719 3798 774 3874 τῆς
803 3787 929 3861 ἀδικίας
957 3785 1150 3874 ἀπέχεσθαι.
1178 3788 1227 3854 ἐπὶ
1251 3793 1349 3877 τούτῳ
1374 3794 1434 3878 γὰρ
1458 3789 1520 3869 ἐγε-

266 3915 351 3992 γόνει
380 3909 439 3977 καὶ
465 3914 501 3977 τό
529 3914 629 3996 παρόν
656 3907 810 3998 ήμίτερον
838 3915 970 3998 γράμμα
997 3911 1053 3976 καὶ
1076 3911 1219 4000 ἐπεδόθη
1246 3925 1285 4000 τῇ
1308 3913 1517 4002 διαληφθείσρ

267 4046 348 4122 μονή
375 4045 436 4100 τῶν
469 4032 604 4121 Λὲμβιον
633 4029 672 4100 δι’
710 4031 886 4123 ἀσφάλειαν
921 4039 977 4100 καί
1011 4033 1242 4124 ἀνενοχλησίαν
1277 4033 1384 4125 αότής.
1419 4037 1517 4124 μηνί

236 4156 484 4247 Ιριαΐιρίνδ.
508 4156 649 4248 ἕκτης
673 4163 702 4240 †.

353 4297 436 4378 †‘0
464 4299 632 4372 δοῦλος
666 4307 743 4364 τοῦ
770 4309 1002 4386 κραταιοῦ
1037 4306 1114 4368 καί
1142 4301 1279 4382 ἁγίου
1305 4300 1427 4391 ήμῶν
1453 4295 1516 4364 αῦ-

265 4421 538 4486 θόντοοκαί
562 4421 1047 4510 βασιλέωςΜανουήλ
1071 4427 1302 4510 σεβαστός
1330 4425 1513 4509 Σγοορό-

261 4542 446 4618 ποολος,
470 4541 487 4607 ό
511 4545 800 4629 δομέστικυς
828 4558 910 4612 τιῖιν
934 4545 1230 4615 ἀνατολικῶν
1256 4549 1512 4638 θεμιίτυνή.
