3168 5274
257 261 323 324 348

257 457 314 538 μὲν
353 453 422 538 περὶ
456 459 558 516 τοῦτο.
595 449 913 535 ἐπιδευτερυποιούσα
948 450 983 514 δέ
1021 447 1041 537 ή
1077 449 1225 533 βασιλεία
1265 471 1326 536 μου
1356 453 1392 518 τό
1423 453 1530 516 καλὸν

257 575 444 660 ἐλευθερίαν
481 572 695 660 ἐπιδαψιλεύει
733 584 773 660 τη
811 571 1083 662 ἀνατεφωνημίνη
1123 571 1310 660 ίλαρωνύμφ
1348 587 1432 662 μονή
1471 579 1532 640 καὶ

258 697 405 764 ἀπόλειαν
438 708 545 764 πᾶσαν
573 707 633 762 των
669 696 874 784 ἐπικειμένων
909 693 990 784 αὸτή
1017 702 1075 764 καί
1108 709 1172 772 τοίς
1210 699 1412 786 διαφέρουσιν
1445 694 1532 786 αύτή

256 827 419 895 παντοίοις
444 819 605 909 ἀκινήτοις
624 822 771 900 δικαίοις,
797 820 1034 910 ὁκροστιχικιύν
1053 823 1255 908 τελεσμοίτων
1278 827 1532 910 περιισταμένιιιν

257 945 303 1020 εἰς
330 942 488 1032 ὁπίρπυρα
515 945 619 1010 εἴκοσι
639 948 717 1034 πρός
740 945 786 1032 tq?
808 943 854 1010 ἑνί
882 949 939 1012 καί
965 947 1107 1032 διμοίρφ,
1136 943 1181 1020 ὁς
1215 941 1407 1034 ὑπεμνήσθη
1442 943 1532 1034 ἡμῖν,

256 1074 315 1136 καί
336 1067 434 1157 ὁρίζει
456 1073 512 1136 καί
533 1074 605 1156 περί
632 1071 744 1136 τούτου
767 1071 823 1136 διὰ
845 1077 901 1134 τού
922 1073 1079 1155 παρόντος
1101 1067 1256 1157 ήμετίρυυ
1285 1071 1533 1156 χρυσοβούλλου

227 1204 230 1212 ’
257 1193 404 1283 ὁρισμοῦ,
432 1193 485 1264 ἵνα
515 1200 595 1282 μόνη
624 1194 686 1262 ἀπὸ
709 1205 765 1282 τῆς
789 1197 928 1282 σήμερον
955 1193 1012 1260 καὶ
1035 1193 1080 1268 τίς
1108 1195 1182 1270 τούς
1204 1193 1277 1282 ἑξῆς
1300 1192 1446 1268 ἅπαντας
1470 1193 1535 1262 καί

256 1319 413 1406 διηνεκεῖς
440 1322 576 1406 χρόνους
610 1317 767 1405 ἐλευθέρα
806 1341 839 1384 τε
866 1322 928 1384 καί·
957 1316 1201 1407 ἀκαταζήτητος
1230 1315 1251 1406 ἡ
1278 1321 1408 1405 τοιαύτη
1446 1321 1533 1405 μονή

259 1443 321 1510 ἀπὸ
353 1451 409 1508 τού
436 1445 579 1510 τοιούτοιν
608 1441 803 1529 ἀκροστίχυυ
830 1446 886 1510 καί
912 1445 1030 1517 παντός
1058 1439 1167 1529 ὁτίρου
1197 1444 1355 1528 δημοσίου
1385 1443 1532 1530 φορολο-

258 1570 403 1654 γήματος
431 1571 487 1634 καί
516 1565 627 1640 τέλους
649 1571 704 1632 καί
728 1566 845 1656 βύρους
869 1564 1026 1642 ἐξωτύπου
1054 1563 1072 1654 ή
1101 1563 1276 1643 ἐσωτύπου,
1300 1564 1534 1654 ἐνεργουμίνου

257 1701 312 1758 νῦν
339 1689 374 1756 ἐν
396 1702 435 1779 τῇ
459 1693 553 1777 χώρα
574 1699 630 1756 τού
652 1687 814 1777 Ἃλμυρού
835 1687 858 1780 ή
880 1688 1184 1778 ἐνεργηθηεομόνου
1213 1687 1394 1776 ἐσύστερον,
1425 1693 1535 1776 σήμε-

258 1835 312 1902 ρον
341 1816 543 1901 ἐγνωσρένου
570 1813 632 1880 εἴτε
666 1818 723 1880 καί
756 1812 1054 1901 ἐπινοηθησυμίνυο
1082 1816 1137 1878 καὶ
1173 1810 1390 1898 ἀνανύψοντος
1419 1811 1534 1894 αὔριον

173 2001 178 2014 ,
258 1937 291 2015 ἐξ
319 1939 556 2028 ἐφευρεσινοίας
586 1947 645 2003 των
672 1939 1008 2024 δημοσιολατρούντων
1029 1941 1220 2023 προσοίκων,
1256 1935 1402 2022 ἀκρατεῖν
1439 1935 1535 2020 ὁφει-

257 2063 376 2150 λούσης
405 2060 455 2128 ἐπί
481 2073 522 2149 τή
550 2073 631 2149 μονή
665 2071 721 2126 τού
744 2071 804 2148 κύρ
826 2059 1002 2147 Ἱλαρίωνος
1036 2065 1093 2128 καί
1121 2073 1186 2136 τοῖς
1213 2056 1264 2126 ὁπ’
1293 2056 1390 2146 αύτήν
1416 2064 1532 2146 πάσης

256 2183 407 2272 ἐπηρείας
421 2185 478 2250 καὶ
498 2183 667 2272 ὀχλήσεως
690 2187 891 2274 δημοσιανῆς
907 2189 964 2250 καί
984 2196 1209 2274 πρακτορικής,
1233 2185 1425 2250 ὁπεντεύθεν
1444 2182 1532 2250 ἀθε-

256 2307 412 2397 τοομίνης
427 2313 485 2378 καί
501 2314 674 2396 χιουμένης
693 2313 780 2396 παρὰ
796 2319 851 2396 τῆς
868 2309 1035 2394 βασιλείας
1049 2331 1112 2396 μου
1127 2311 1183 2376 διὰ
1198 2311 1315 2396 ταύτης
1330 2317 1387 2395 τής
1401 2304 1535 2396 ἡμεδα-

255 2443 318 2519 πῆς
334 2433 586 2520 χρυσοβουλλίου
608 2435 820 2520 προστάξεως.
844 2429 922 2498 ὅθεν
945 2437 1002 2500 καί
1026 2433 1271 2520 ἐπιφωνούμεθα
1294 2435 1350 2498 καὶ
1373 2431 1534 2521 ἀσφαλῶς

258 2567 338 2624 πᾶσι
362 2569 426 2631 τοῖς
451 2560 504 2623 τόν
527 2558 681 2644 δημόσιον
705 2560 820 2643 τρόπον
844 2567 988 2645 φανερῶς
1013 2555 1035 2644 ή
1063 2561 1202 2645 κρυφίοις
1230 2555 1431 2643 ἐνδυομόνως
1468 2569 1536 2630 τυῐς

256 2685 342 2748 κατὰ
369 2682 500 2768 καιρούς
527 2681 676 2768 δηλονότι
708 2685 885 2767 πράκτορσι
907 2689 963 2748 τού
985 2678 1160 2767 Ἀλμυρού,
1194 2691 1259 2754 τοῖς
1294 2678 1531 2768 ἀπογραφεῦσι,

256 2817 320 2879 τοῖς
344 2806 594 2892 ἐκπροσωπυύσι,
619 2815 682 2878 τυίς
705 2808 881 2883 κατεπύνω,
907 2802 1145 2904 τοῐςοᾶρχουσι,
1169 2815 1233 2880 τοῖς
1256 2803 1448 2890 ἀπαιτηταίς
1473 2809 1533 2870 καί

255 2933 347 2996 παντί
370 2927 466 3016 ἐτίριρ
483 2929 854 3016 δημοοιολειτουργούντι
875 2931 1033 3014 προσώπῳ
1051 2931 1156 3015 πόρρω
1178 2950 1239 2994 που
1262 2927 1343 2994 εἶναι
1365 2931 1423 2993 καί
1449 2926 1534 3016 ἀφί-

258 3055 399 3120 στασθαι
426 3062 484 3140 τῆς
511 3055 660 3140 τοιαύτης
687 3062 785 3140 μονῆς
808 3056 865 3117 καί
889 3061 947 3118 των
973 3047 1022 3118 ὁπ’
1047 3048 1144 3139 αὐτήν
1167 3056 1224 3118 καί
1253 3053 1412 3140 μηδεμίαν
1436 3052 1534 3140 ἔχειν

257 3178 398 3264 μετοχήν
415 3175 463 3242 ἐπ’
488 3173 568 3264 αύτή
586 3175 905 3265 ἐκσφενδονοομένοις
926 3180 982 3240 καί
998 3174 1348 3262 ἀποδιοπομπουμένοις
1368 3174 1401 3252 ἐξ
1425 3174 1532 3264 αὐτῆς

255 3312 296 3388 τη
317 3300 406 3387 ἰσχύι
428 3309 483 3366 τού
507 3301 746 3387 χρυσοβούλλου
768 3296 857 3387 ήμων
885 3304 1085 3386 γράμματος,
1116 3298 1145 3364 εί
1169 3301 1212 3387 μή
1237 3302 1411 3385 βούλοιντο,
1436 3301 1531 3386 εἴπερ

257 3447 287 3488 τι
313 3424 484 3508 διαπρᾶξαι
517 3425 709 3510 τολμήσαιεν
738 3423 797 3500 ἐξω
824 3433 883 3488 των
912 3421 1061 3490 ἐνταυθοῖ
1086 3424 1356 3512 διατεταγμένων,
1391 3426 1531 3510 βαρεῖαν

257 3543 455 3636 ὑφίστασθαι
477 3549 532 3634 τήν
556 3547 589 3623 ἐξ
615 3544 703 3636 ήμῶν
728 3545 945 3633 ἀγανάκτησιν
972 3551 1051 3632 πρὸς
1074 3547 1118 3632 τηῐ
1141 3551 1196 3614 καί
1220 3547 1318 3635 ζημίη
1341 3546 1530 3616 ὑποπίπτειν

256 3667 435 3757 ὁπτρπύρων
462 3672 575 3758 λιτρῶν
609 3673 665 3738 δύο
693 3671 987 3756 καταβαλλομένων
1016 3669 1061 3744 εὶς
1085 3673 1120 3736 τό
1151 3669 1303 3758 ήμέτερον
1333 3673 1529 3760 βεστιοίριον.

256 3799 296 3862 τὰ
320 3799 427 3882 μίνεοι
455 3791 531 3883 ὁτίρ
554 3794 784 3882 ἀκροστιχιιιού
807 3796 917 3868 τύλους
941 3791 1102 3882 ἀνήκοντα
1125 3807 1163 3882 τῇ
1188 3807 1280 3883 μονή,
1311 3795 1354 3871 ὁνς
1376 3798 1530 3885 διείληπ-

259 3941 325 3999 ται,
361 3919 497 3986 εὶιιοσιέν
530 3921 609 4024 πρὸς
637 3919 681 4005 τῷ
708 3921 840 4005 διμοίριρ
875 3914 1033 4004 ὁτίρπυρα
1067 3921 1227 4006 δέχεσθαι
1260 3919 1425 4010 ὁρείλοοσι
1459 3934 1529 3994 τοῖς

256 4052 342 4116 κατὰ
375 4045 507 4133 καιρούς
543 4043 704 4129 ἐνεργοῦσι
736 4045 791 4130 τήν
820 4047 928 4130 χώραν
963 4052 1018 4110 τού
1051 4041 1210 4130 (Αλμυρού
1238 4043 1270 4110 ἐν
1305 4057 1428 4131 καιροῖς
1465 4057 1529 4110 τῶν

254 4173 482 4258 λογαριασμύν
509 4171 564 4234 διὰ
588 4168 786 4255 σηρειιύδους
809 4165 985 4253 ὁμολογίας
1009 4177 1065 4234 τού
1089 4173 1205 4254 μόρους
1224 4179 1280 4236 τού
1302 4167 1529 4258 Μαλιασηνοδ,

256 4299 420 4384 δηλυὸοητ
454 4293 593 4380 ἐαθήναι
625 4294 666 4358 τὰ
700 4303 831 4358 τοιαῦτα
872 4297 1053 4378 νομίσματα
1089 4291 1299 4381 ἀναπαίτητα.
1339 4291 1389 4360 ἐπί
1423 4296 1529 4378 τούτῳ

256 4425 319 4508 γὰρ
341 4419 567 4506 ἐπιβραβτύθη
595 4419 638 4506 τῷ
666 4415 940 4506 ἅναπεφωνημόνῳ
974 4416 1134 4504 Κομνηνιρ
1160 4417 1204 4504 τῷ
1235 4417 1435 4505 Μαλιασηνῷ
1468 4425 1528 4483 καί

256 4545 300 4632 τῷ
324 4549 412 4632 μέρει
440 4539 537 4610 αότού
560 4540 577 4610 ὁ
600 4543 707 4627 περιόν
731 4541 981 4627 χρυσοβούλλιος
1004 4537 1093 4627 ἡμῶν
1118 4537 1247 4628 ὁρισμός
1275 4541 1320 4616 τίς
1344 4540 1527 4628 ἀσφάλειαν

257 4667 463 4742 αἰανίζοοσαν
492 4671 548 4733 καί
576 4665 647 4751 παρ’
684 4661 772 4752 ἡμῶν
801 4661 902 4730 αύτῶν
930 4667 1223 4752 φυλαχθησόμενος
1253 4665 1527 4752 ἀπαράθραυστος
