3190 5284
1267 293 1325 356 121

51 485 231 568 τρέπονται,
268 476 340 547 ἀλλ’
368 479 390 570 ή
427 485 484 548 καί
511 480 552 557 ίος
580 483 773 570 δωρούμενοι
802 483 951 549 δύνανται
979 481 1021 558 ύς
1051 483 1088 549 ἐκ
1113 484 1327 571 μεταμελείας

49 609 194 670 θανάτου
224 606 271 670 ἔτι
299 605 488 694 ἀνατρέπειν
516 607 571 693 τήν
599 607 735 694 δωρεὰν,
771 605 842 674 ἀλλ’
869 603 961 694 ἡμεῖς
988 610 1045 695 τήν
1069 611 1208 696 σήμερον
1232 607 1326 674 ίινοιι-

51 741 163 815 ρούμεν
194 733 253 793 καί
278 725 430 795 οόδέποτε
455 729 499 804 είς
523 728 701 816 ἀνατροπὴν
730 740 785 816 τής
808 733 971 818 παρούσης
994 728 1083 818 ἡμῶν
1110 733 1234 818 δωρεᾶς
1256 729 1327 797 ἕνε-

51 877 101 918 ιιεν
129 864 195 917 τῶν
223 856 372 918 τοιούτων
404 851 538 919 ἐλαίκῶν
563 855 708 940 δένδρων.
740 855 821 920 ἔστω
846 877 896 919 σοι
920 853 1113 920 ἀπεντεύθεν
1140 857 1327 942 παραδεδο-

52 983 152 1062 μένον,
181 973 225 1050 όις
247 980 303 1040 καί
318 987 356 1064 πή
374 980 514 1064 σήμερον
538 989 728 1063 σωματικῶς
743 979 973 1064 παρεδόθησάν
991 999 1052 1056 σοι,
1078 983 1121 1067 μή
1138 1000 1221 1054 τινος
1237 977 1327 1068 όφεί-

53 1102 160 1172 λοντος
193 1099 281 1187 ἔχων
309 1105 479 1185 μετουσίαν
508 1099 556 1164 ἐπ’
585 1098 691 1174 αὐτοῖς
720 1099 782 1166 ἀπό
811 1112 871 1166 τῶν
900 1103 1106 1188 κληρονόμων
1134 1107 1190 1167 καί
1213 1103 1327 1168 διαδύ-

52 1249 114 1310 γων
141 1220 237 1310 ήμῶν
261 1227 318 1287 καί
340 1227 497 1288 παντοίων
520 1233 580 1288 τῶν
609 1224 812 1310 διακατόχων
836 1223 856 1312 ή
881 1235 940 1289 τῶν
970 1235 1128 1306 συγγενῶν
1155 1221 1243 1314 ήμῶν
1267 1237 1328 1292 τῶν

54 1349 143 1428 ἐγγύς
177 1347 237 1412 καὶ
266 1358 325 1411 τῶν
360 1351 467 1433 πόρρω
494 1345 514 1434 ή
543 1357 603 1412 τῶν
640 1345 857 1436 ἀλλοτρίωνή
886 1345 1021 1436 όχλησίν
1050 1369 1120 1414 τινα
1155 1349 1328 1430 ἐπαγαγεῖν

52 1496 99 1537 σοι
120 1470 238 1536 ἕνεκεν
255 1481 316 1536 τῶν
339 1472 489 1535 τοιούτων
513 1468 649 1536 ἐλαϊκῶν
670 1471 807 1556 δένδρων
830 1469 850 1558 ή
876 1483 1011 1556 μερικῶς
1033 1471 1054 1559 ἢ
1078 1474 1227 1538 καθόλου
1250 1477 1328 1560 πρός

51 1600 89 1681 τῷ
116 1595 321 1660 ἐπισπᾶσθαι
349 1598 407 1668 τὰς
437 1592 516 1680 ἀρὰς
544 1583 605 1658 τῶν
629 1601 817 1679 τριακοσίων
846 1595 1012 1660 δεκαοκτὼ
1040 1598 1207 1684 θεοφόρων
1230 1601 1328 1662 πατί-

52 1742 108 1804 ρων
125 1772 131 1784 .
151 1769 187 1783 ..
214 1720 299 1804 μετὰ
321 1718 416 1803 ψιλῆς
441 1715 670 1804 ἐπιχειρήσεως
692 1721 770 1804 πρός
797 1722 832 1782 τό
862 1721 904 1805 μή
930 1718 1175 1798 εὶσακούεσθαι,
1205 1717 1254 1806 ἐφ’
1282 1719 1328 1794 οἱς

55 1845 134 1928 ἔχειν
159 1843 280 1924 λέγειν,
307 1839 378 1905 ἀλλ’
403 1840 623 1906 ἐκδιῶκεσθαι
641 1839 702 1907 αἰπύ
727 1843 844 1916 παντός
868 1847 1004 1928 νομίμου
1028 1843 1246 1930 δικαστηρίου,
1271 1848 1328 1907 καί

53 1969 132 2051 λόγιρ
167 1969 335 2051 προστίμιμ
370 1959 574 2029 ὑποκείσεται
608 1968 686 2049 πρός
722 1969 758 2030 σὲ
787 1971 843 2030 καί
871 1968 906 2030 τό
936 1971 1030 2052 μόρος
1059 1988 1116 2030 σου
1146 1971 1329 2052 νομίσματα

57 2141 82 2154 .,
96 2093 227 2174 ,λίτρας
244 2089 300 2152 δύο
316 2091 373 2152 καί
388 2091 424 2152 τό
440 2079 525 2151 κατὰ
541 2091 657 2173 νόμους
673 2087 719 2162 εἰς
735 2092 788 2153 τόν
805 2090 969 2174 δημόσιον,
989 2091 1032 2176 μή
1050 2089 1093 2164 τίς
1109 2111 1177 2154 τινα
1193 2091 1327 2176 νομικήν

57 2217 209 2300 βοήθειαν
234 2211 500 2299 καταφεύγοντες·
523 2214 602 2296 πρός
626 2211 668 2295 τῷ
689 2209 744 2276 καὶ
773 2208 872 2286 οὕτως
896 2210 1057 2298 ἐρρῶσθαι
1080 2211 1206 2279 ἄνωθεν
1229 2217 1323 2299 προὲ·

58 2340 128 2412 ταξα
157 2341 217 2401 καὶ
247 2339 381 2421 βεβαίαν
404 2341 461 2402 καὶ
489 2335 614 2424 ἀρραγῆ
643 2338 802 2422 διαμένειν
831 2339 886 2424 τήν
914 2342 1079 2423 παροῦσάν
1109 2359 1169 2424 μου
1193 2339 1326 2425 δωρεὰν,

58 2460 95 2532 ύς
116 2459 304 2549 ὀφείλοντος
328 2459 479 2526 ἐπιτελεῖν
503 2463 588 2546 λόγῳ
606 2471 666 2525 τῶν
691 2456 792 2525 αύτῶν
818 2461 933 2525 ἐλαιῶν
958 2461 1002 2534 είς
1026 2464 1079 2526 τόν
1104 2467 1214 2548 στίχον
1238 2459 1326 2549 ἡμῶν

10 2557 12 2684 ή
57 2583 187 2648 ἕκαστον
216 2587 332 2669 χρόνον
356 2587 497 2669 νόμισμα
521 2585 553 2648 ἓν
577 2580 689 2669 ἥμισυ,
720 2580 785 2649 οίον
810 2581 826 2648 ό
851 2585 1007 2670 δημόσιος
1033 2582 1158 2650 ἀπαιτεῖ
1183 2583 1326 2659 Ισίνεπαυ-

10 2699 12 2822 ή
59 2704 474 2794 ξήτωςκαίἀνενοχλήτως.
500 2711 606 2792 μηνί
633 2705 873 2794 όκτωβρίῳ
900 2707 981 2774 ὶνδ.
1011 2708 1062 2789 ιγ’
1094 2719 1170 2774 τού
1201 2709 1329 2796 ,ςψιη

10 2825 11 2828 '
61 2832 187 2904 ἔτους
212 2830 344 2897 ἐντόπιον
370 2840 429 2894 τῶν
453 2821 721 2917 ύπόγραψομὲνων
747 2833 918 2917 μαρτύρων.

140 2986 1328 3077 ήἸωόννηςὶερεύςόἄνωθενδφείλωνπροτύξαι

62 3109 1099 3199 κάτωθενὑποτάξαςοίκείογχειρίύπὲγραψ
1157 3116 1187 3191 †.

10 3301 11 3362 γ
140 3268 1328 3357 ’γὉμὲγαςοὶκονόμοςτήςάγιωτοίτηςμητροπό-

63 3399 168 3469 λεως
197 3395 417 3482 Σμύρνης,
445 3391 814 3480 Μιχαήλὶερεύς
842 3392 859 3458 ό
890 3392 1329 3480 Μανασσῆς,παρῶν

10 3605 11 3610 ¹
64 3513 1203 3606 ἑπίτῇπαρούσηἁπλῇδωρεή,ύςτόύτροςδηλοί,
1229 3537 1329 3604 μαρ·

10 3613 11 3616 ¹
65 3639 477 3729 τορῶνύπὲγραψα.

142 3796 1329 3888 ήὉεύτελήςίερεύς,σκευυρύλαξτήςσὶγιωτότης

69 3924 393 4012 μητροπόλεως
429 3922 638 4010 Σμύρνης
665 3927 743 3988 καὶ
769 3926 1116 4009 πριμμικήριος
1144 3931 1226 3986 τῶν
1259 3943 1329 3984 τα-

10 4101 11 4132 γ
70 4049 364 4134 βουλλαρίων,
392 4045 747 4118 Κωνσταντίνος
781 4045 975 4120 Ξανθύς,
999 4049 1151 4131 παρῶν
1175 4042 1247 4108 ἐπὶ
1278 4055 1328 4130 τῇ

10 4255 12 4272 r
69 4178 265 4258 εαρυύση
296 4169 417 4257 ἁπλῇ
451 4169 602 4256 δωρεᾷ
633 4180 875 4256 μαρτυρῶν
904 4167 1149 4254 ύπὲγραψα
1184 4171 1213 4247 †.
1244 4169 1264 4247 †
1293 4165 1329 4232 ‘O

10 4273 12 4388 ή
70 4289 1329 4384 εύτελήςἱερεύςκαὶνσμικός.κόστρουΣμύρνης,Θεό·

10 4391 12 4464 ί
70 4414 1330 4505 δωροςόΠωλὲας,καὶαύτόςτόιύμοιαμαρτυρῶνκαί

73 4540 555 4629 γρύψαςύπέγραψαή.
