<?xml version="1.0" encoding="UTF-8"?>
<!DOCTYPE html PUBLIC "-//W3C//DTD XHTML 1.0 Transitional//EN"
    "http://www.w3.org/TR/xhtml1/DTD/xhtml1-transitional.dtd">
<html xmlns="http://www.w3.org/1999/xhtml" xml:lang="en" lang="en">
 <head>
  <title>
</title>
<meta http-equiv="Content-Type" content="text/html;charset=utf-8" />
  <meta name='ocr-system' content='tesseract 3.04.00' />
  <meta name='ocr-capabilities' content='ocr_page ocr_carea ocr_par ocr_line ocrx_word'/>
</head>
<body>
  <div class='ocr_page' id='page_1' title='image "./actaetdiplomata04miklgoog_0469.png"; bbox 0 0 3168 5274; ppageno 0'>
   <div class='ocr_carea' id='block_1_1' title="bbox 258 245 322 314">
    <p class='ocr_par' dir='ltr' id='par_1_1' title="bbox 258 245 322 314">
     <span class='ocr_line' id='line_1_1' title="bbox 258 245 322 314; baseline 0.031 -2"><span class='ocrx_word' id='word_1_1' title='bbox 258 245 322 314; x_wconf 83' lang='lat'><strong>378</strong></span> 
     </span>
    </p>
   </div>
   <div class='ocr_carea' id='block_1_2' title="bbox 257 435 1528 2515">
    <p class='ocr_par' dir='ltr' id='par_1_2' title="bbox 257 435 1528 2515">
     <span class='ocr_line' id='line_1_2' title="bbox 259 435 1524 530; baseline -0.001 -24"><span class='ocrx_word' id='word_1_2' title='bbox 259 439 345 528; x_wconf 87' lang='grc' dir='ltr'><strong>οἰββά</strong></span> <span class='ocrx_word' id='word_1_3' title='bbox 372 441 461 528; x_wconf 77' lang='grc' dir='ltr'><strong>κυρφῖ</strong></span> <span class='ocrx_word' id='word_1_4' title='bbox 487 441 615 528; x_wconf 80' lang='grc' dir='ltr'>Ἰωάννῃ</span> <span class='ocrx_word' id='word_1_5' title='bbox 644 445 701 507; x_wconf 91' lang='grc' dir='ltr'><strong>καί</strong></span> <span class='ocrx_word' id='word_1_6' title='bbox 724 447 863 530; x_wconf 78' lang='grc' dir='ltr'><strong>ψυχικῆς</strong></span> <span class='ocrx_word' id='word_1_7' title='bbox 889 439 988 508; x_wconf 68' lang='grc' dir='ltr'><strong>ἕνεκα</strong></span> <span class='ocrx_word' id='word_1_8' title='bbox 1012 446 1170 528; x_wconf 75' lang='grc' dir='ltr'><strong>σωτηρίας</strong></span> <span class='ocrx_word' id='word_1_9' title='bbox 1193 435 1290 506; x_wconf 79' lang='grc' dir='ltr'><strong>αὐτοῦ</strong></span> <span class='ocrx_word' id='word_1_10' title='bbox 1317 443 1458 506; x_wconf 85' lang='grc' dir='ltr'><strong>δοθέντα</strong></span> <span class='ocrx_word' id='word_1_11' title='bbox 1482 463 1524 526; x_wconf 87' lang='grc' dir='ltr'><strong>τιρ</strong></span> 
     </span>
     <span class='ocr_line' id='line_1_3' title="bbox 257 562 1526 654; baseline -0.002 -23"><span class='ocrx_word' id='word_1_12' title='bbox 257 562 494 653; x_wconf 86' lang='grc' dir='ltr'><strong>ήσυχαστηρίιρ,</strong></span> <span class='ocrx_word' id='word_1_13' title='bbox 524 563 566 640; x_wconf 76' lang='grc' dir='ltr'><strong>ὡς</strong></span> <span class='ocrx_word' id='word_1_14' title='bbox 589 563 609 652; x_wconf 90' lang='grc' dir='ltr'><strong>ή</strong></span> <span class='ocrx_word' id='word_1_15' title='bbox 633 566 819 653; x_wconf 87' lang='grc' dir='ltr'><strong>δηλωθεῐσα</strong></span> <span class='ocrx_word' id='word_1_16' title='bbox 840 565 1002 654; x_wconf 77' lang='grc' dir='ltr'>ἔγγραφος</span> <span class='ocrx_word' id='word_1_17' title='bbox 1026 570 1191 653; x_wconf 77' lang='grc' dir='ltr'><strong>συμφωνία</strong></span> <span class='ocrx_word' id='word_1_18' title='bbox 1214 565 1436 652; x_wconf 74' lang='grc' dir='ltr'><strong>διαλαμβάνει,</strong></span> <span class='ocrx_word' id='word_1_19' title='bbox 1464 569 1526 651; x_wconf 88' lang='grc' dir='ltr'><strong>μό-</strong></span> 
     </span>
     <span class='ocr_line' id='line_1_4' title="bbox 258 687 1528 777; baseline -0.002 -23"><span class='ocrx_word' id='word_1_20' title='bbox 258 709 311 755; x_wconf 92' lang='grc' dir='ltr'><strong>νον</strong></span> <span class='ocrx_word' id='word_1_21' title='bbox 337 687 390 754; x_wconf 83' lang='grc' dir='ltr'><strong>ἵνα</strong></span> <span class='ocrx_word' id='word_1_22' title='bbox 417 693 460 774; x_wconf 73' lang='grc' dir='ltr'><strong>τῷ</strong></span> <span class='ocrx_word' id='word_1_23' title='bbox 485 687 571 774; x_wconf 80' lang='grc' dir='ltr'><strong>ἀββᾶ</strong></span> <span class='ocrx_word' id='word_1_24' title='bbox 597 689 726 776; x_wconf 80' lang='grc' dir='ltr'>Ἰωάννῃ</span> <span class='ocrx_word' id='word_1_25' title='bbox 754 701 859 776; x_wconf 85' lang='grc' dir='ltr'><strong>προσῆ</strong></span> <span class='ocrx_word' id='word_1_26' title='bbox 893 693 928 754; x_wconf 85' lang='grc' dir='ltr'><strong>τό</strong></span> <span class='ocrx_word' id='word_1_27' title='bbox 957 694 1157 776; x_wconf 90' lang='grc' dir='ltr'><strong>μνημόσυνον</strong></span> <span class='ocrx_word' id='word_1_28' title='bbox 1192 687 1235 763; x_wconf 82' lang='grc' dir='ltr'><strong>ιδς</strong></span> <span class='ocrx_word' id='word_1_29' title='bbox 1258 699 1435 777; x_wconf 89' lang='grc' dir='ltr'><strong>προσῆκον,</strong></span> <span class='ocrx_word' id='word_1_30' title='bbox 1471 693 1528 754; x_wconf 91' lang='grc' dir='ltr'><strong>καί</strong></span> 
     </span>
     <span class='ocr_line' id='line_1_5' title="bbox 259 809 1525 902; baseline -0.001 -24"><span class='ocrx_word' id='word_1_31' title='bbox 259 811 384 900; x_wconf 80' lang='grc' dir='ltr'><strong>ἐδεήθη</strong></span> <span class='ocrx_word' id='word_1_32' title='bbox 407 823 463 901; x_wconf 87' lang='grc' dir='ltr'><strong>τῆς</strong></span> <span class='ocrx_word' id='word_1_33' title='bbox 486 809 575 900; x_wconf 81' lang='grc' dir='ltr'><strong>ἡμῶν</strong></span> <span class='ocrx_word' id='word_1_34' title='bbox 600 817 813 902; x_wconf 80' lang='grc' dir='ltr'><strong>μετριότητος,</strong></span> <span class='ocrx_word' id='word_1_35' title='bbox 836 811 890 878; x_wconf 85' lang='grc' dir='ltr'><strong>ἵνα</strong></span> <span class='ocrx_word' id='word_1_36' title='bbox 914 812 1000 898; x_wconf 80' lang='grc' dir='ltr'><strong>οἵπερ</strong></span> <span class='ocrx_word' id='word_1_37' title='bbox 1025 812 1111 888; x_wconf 72' lang='grc' dir='ltr'><strong>ἄξιον</strong></span> <span class='ocrx_word' id='word_1_38' title='bbox 1135 813 1186 900; x_wconf 79' lang='grc' dir='ltr'><strong>εἴη</strong></span> <span class='ocrx_word' id='word_1_39' title='bbox 1215 819 1356 900; x_wconf 86' lang='grc' dir='ltr'><strong>στέργειν</strong></span> <span class='ocrx_word' id='word_1_40' title='bbox 1380 817 1437 887; x_wconf 79' lang='grc' dir='ltr'><strong>τὰς</strong></span> <span class='ocrx_word' id='word_1_41' title='bbox 1461 837 1525 878; x_wconf 86' lang='grc' dir='ltr'><strong>τοι·</strong></span> 
     </span>
     <span class='ocr_line' id='line_1_6' title="bbox 260 935 1526 1026; baseline -0.003 -23"><span class='ocrx_word' id='word_1_42' title='bbox 260 939 358 1012; x_wconf 85' lang='grc' dir='ltr'><strong>αότας</strong></span> <span class='ocrx_word' id='word_1_43' title='bbox 386 935 564 1024; x_wconf 76' lang='grc' dir='ltr'>ὁμολόγους</span> <span class='ocrx_word' id='word_1_44' title='bbox 598 941 794 1026; x_wconf 90' lang='grc' dir='ltr'><strong>συμφωνίας,</strong></span> <span class='ocrx_word' id='word_1_45' title='bbox 824 939 1020 1024; x_wconf 82' lang='grc' dir='ltr'><strong>βτβαιωθείη</strong></span> <span class='ocrx_word' id='word_1_46' title='bbox 1054 938 1109 1002; x_wconf 85' lang='grc' dir='ltr'><strong>διά</strong></span> <span class='ocrx_word' id='word_1_47' title='bbox 1137 941 1324 1024; x_wconf 77' lang='grc' dir='ltr'><strong>γράμματος</strong></span> <span class='ocrx_word' id='word_1_48' title='bbox 1351 947 1409 1024; x_wconf 87' lang='grc' dir='ltr'><strong>τῆς</strong></span> <span class='ocrx_word' id='word_1_49' title='bbox 1434 935 1526 1026; x_wconf 75' lang='grc' dir='ltr'><strong>ήμῶν</strong></span> 
     </span>
     <span class='ocr_line' id='line_1_7' title="bbox 260 1057 1525 1150; baseline 0 -24"><span class='ocrx_word' id='word_1_50' title='bbox 260 1065 462 1150; x_wconf 72' lang='grc' dir='ltr'><strong>μετριότητος</strong></span> <span class='ocrx_word' id='word_1_51' title='bbox 491 1061 720 1142; x_wconf 81' lang='grc' dir='ltr'><strong>σιγιλλιοίδους.</strong></span> <span class='ocrx_word' id='word_1_52' title='bbox 748 1058 769 1149; x_wconf 85' lang='grc' dir='ltr'><strong>ή</strong></span> <span class='ocrx_word' id='word_1_53' title='bbox 794 1065 959 1148; x_wconf 83' lang='grc' dir='ltr'><strong>μετριότης</strong></span> <span class='ocrx_word' id='word_1_54' title='bbox 983 1057 1036 1126; x_wconf 87' lang='grc' dir='ltr'><strong>υόν</strong></span> <span class='ocrx_word' id='word_1_55' title='bbox 1059 1059 1148 1150; x_wconf 82' lang='grc' dir='ltr'><strong>ἡμων</strong></span> <span class='ocrx_word' id='word_1_56' title='bbox 1175 1061 1279 1128; x_wconf 78' lang='grc' dir='ltr'><strong>τᾶλλα</strong></span> <span class='ocrx_word' id='word_1_57' title='bbox 1308 1065 1364 1148; x_wconf 66' lang='grc' dir='ltr'><strong>μὲν</strong></span> <span class='ocrx_word' id='word_1_58' title='bbox 1388 1059 1525 1140; x_wconf 77' lang='grc' dir='ltr'><strong>ἅπαντα,</strong></span> 
     </span>
     <span class='ocr_line' id='line_1_8' title="bbox 260 1182 1526 1274; baseline -0.001 -23"><span class='ocrx_word' id='word_1_59' title='bbox 260 1182 380 1273; x_wconf 89' lang='grc' dir='ltr'><strong>όσοιπερ</strong></span> <span class='ocrx_word' id='word_1_60' title='bbox 403 1184 436 1252; x_wconf 84' lang='grc' dir='ltr'><strong>αἱ</strong></span> <span class='ocrx_word' id='word_1_61' title='bbox 459 1185 626 1272; x_wconf 72' lang='grc' dir='ltr'><strong>εἰρημέναι</strong></span> <span class='ocrx_word' id='word_1_62' title='bbox 648 1186 903 1272; x_wconf 77' lang='grc' dir='ltr'><strong>διαλαμβάνουσι</strong></span> <span class='ocrx_word' id='word_1_63' title='bbox 931 1191 1122 1274; x_wconf 89' lang='grc' dir='ltr'><strong>συμφωνίαι,</strong></span> <span class='ocrx_word' id='word_1_64' title='bbox 1147 1190 1289 1271; x_wconf 83' lang='grc' dir='ltr'><strong>στέργειν</strong></span> <span class='ocrx_word' id='word_1_65' title='bbox 1312 1187 1526 1272; x_wconf 73' lang='grc' dir='ltr'><strong>διοριζομίνη,</strong></span> 
     </span>
     <span class='ocr_line' id='line_1_9' title="bbox 259 1307 1525 1396; baseline -0.002 -20"><span class='ocrx_word' id='word_1_66' title='bbox 259 1319 353 1378; x_wconf 81' lang='grc' dir='ltr'><strong>τοῦτο</strong></span> <span class='ocrx_word' id='word_1_67' title='bbox 382 1313 477 1396; x_wconf 88' lang='grc' dir='ltr'><strong>μόνον</strong></span> <span class='ocrx_word' id='word_1_68' title='bbox 501 1307 624 1396; x_wconf 85' lang='grc' dir='ltr'><strong>ἀναιρεί</strong></span> <span class='ocrx_word' id='word_1_69' title='bbox 651 1313 686 1375; x_wconf 90' lang='grc' dir='ltr'><strong>τό</strong></span> <span class='ocrx_word' id='word_1_70' title='bbox 715 1313 995 1396; x_wconf 74' lang='grc' dir='ltr'><strong>μετακομισθῆναι</strong></span> <span class='ocrx_word' id='word_1_71' title='bbox 1021 1311 1057 1374; x_wconf 89' lang='grc' dir='ltr'><strong>τό</strong></span> <span class='ocrx_word' id='word_1_72' title='bbox 1085 1311 1235 1396; x_wconf 81' lang='grc' dir='ltr'>λείψανον</span> <span class='ocrx_word' id='word_1_73' title='bbox 1263 1319 1319 1376; x_wconf 78' lang='grc' dir='ltr'><strong>τοῦ</strong></span> <span class='ocrx_word' id='word_1_74' title='bbox 1348 1308 1436 1394; x_wconf 83' lang='grc' dir='ltr'><strong>ἆββᾱ</strong></span> <span class='ocrx_word' id='word_1_75' title='bbox 1459 1309 1525 1374; x_wconf 87' lang='grc' dir='ltr'><strong>Ἰω-</strong></span> 
     </span>
     <span class='ocr_line' id='line_1_10' title="bbox 260 1429 1526 1522; baseline -0.002 -23"><span class='ocrx_word' id='word_1_76' title='bbox 260 1438 355 1500; x_wconf 91' lang='grc' dir='ltr'><strong>σίννυυ</strong></span> <span class='ocrx_word' id='word_1_77' title='bbox 379 1431 442 1499; x_wconf 85' lang='grc' dir='ltr'><strong>ἀπό</strong></span> <span class='ocrx_word' id='word_1_78' title='bbox 466 1442 520 1498; x_wconf 82' lang='grc' dir='ltr'><strong>του</strong></span> <span class='ocrx_word' id='word_1_79' title='bbox 542 1429 783 1522; x_wconf 84' lang='grc' dir='ltr'><strong>ήσυχαστηρίου</strong></span> <span class='ocrx_word' id='word_1_80' title='bbox 805 1436 883 1519; x_wconf 83' lang='grc' dir='ltr'><strong>πρὸς</strong></span> <span class='ocrx_word' id='word_1_81' title='bbox 907 1435 961 1519; x_wconf 86' lang='grc' dir='ltr'><strong>τήν</strong></span> <span class='ocrx_word' id='word_1_82' title='bbox 985 1443 1041 1521; x_wconf 91' lang='grc' dir='ltr'><strong>τῆς</strong></span> <span class='ocrx_word' id='word_1_83' title='bbox 1062 1429 1315 1520; x_wconf 84' lang='grc' dir='ltr'><strong>Μακρινιτίσσης</strong></span> <span class='ocrx_word' id='word_1_84' title='bbox 1338 1434 1454 1520; x_wconf 86' lang='grc' dir='ltr'><strong>μονήν,</strong></span> <span class='ocrx_word' id='word_1_85' title='bbox 1484 1429 1526 1506; x_wconf 78' lang='grc' dir='ltr'><strong>ὣς</strong></span> 
     </span>
     <span class='ocr_line' id='line_1_11' title="bbox 259 1553 1525 1645; baseline -0.001 -24"><span class='ocrx_word' id='word_1_86' title='bbox 259 1568 299 1645; x_wconf 80' lang='grc' dir='ltr'><strong>τῆ</strong></span> <span class='ocrx_word' id='word_1_87' title='bbox 328 1554 487 1644; x_wconf 72' lang='grc' dir='ltr'><strong>ἐκκλησία</strong></span> <span class='ocrx_word' id='word_1_88' title='bbox 520 1558 563 1644; x_wconf 88' lang='grc' dir='ltr'><strong>μή</strong></span> <span class='ocrx_word' id='word_1_89' title='bbox 587 1557 713 1622; x_wconf 79' lang='grc' dir='ltr'><strong>δοκοῦν·</strong></span> <span class='ocrx_word' id='word_1_90' title='bbox 746 1555 810 1622; x_wconf 84' lang='grc' dir='ltr'><strong>ένοῖ</strong></span> <span class='ocrx_word' id='word_1_91' title='bbox 844 1559 904 1642; x_wconf 86' lang='grc' dir='ltr'><strong>γὰρ</strong></span> <span class='ocrx_word' id='word_1_92' title='bbox 940 1554 1001 1622; x_wconf 85' lang='grc' dir='ltr'><strong>ἀπό</strong></span> <span class='ocrx_word' id='word_1_93' title='bbox 1036 1565 1093 1643; x_wconf 90' lang='grc' dir='ltr'><strong>τῆς</strong></span> <span class='ocrx_word' id='word_1_94' title='bbox 1127 1559 1267 1643; x_wconf 92' lang='grc' dir='ltr'><strong>σήμερον</strong></span> <span class='ocrx_word' id='word_1_95' title='bbox 1300 1553 1321 1644; x_wconf 93' lang='grc' dir='ltr'><strong>ή</strong></span> <span class='ocrx_word' id='word_1_96' title='bbox 1356 1559 1525 1643; x_wconf 84' lang='grc' dir='ltr'><strong>μετριότης</strong></span> 
     </span>
     <span class='ocr_line' id='line_1_12' title="bbox 259 1676 1526 1770; baseline 0 -24"><span class='ocrx_word' id='word_1_97' title='bbox 259 1677 346 1770; x_wconf 79' lang='grc' dir='ltr'><strong>ἡμῶν</strong></span> <span class='ocrx_word' id='word_1_98' title='bbox 381 1685 417 1747; x_wconf 82' lang='grc' dir='ltr'><strong>τὸ</strong></span> <span class='ocrx_word' id='word_1_99' title='bbox 446 1679 610 1769; x_wconf 75' lang='grc' dir='ltr'><strong>εἰρημένον</strong></span> <span class='ocrx_word' id='word_1_100' title='bbox 643 1677 879 1768; x_wconf 86' lang='grc' dir='ltr'><strong>ήσυχαστήριον</strong></span> <span class='ocrx_word' id='word_1_101' title='bbox 907 1683 962 1768; x_wconf 88' lang='grc' dir='ltr'><strong>τήν</strong></span> <span class='ocrx_word' id='word_1_102' title='bbox 990 1679 1167 1748; x_wconf 85' lang='grc' dir='ltr'><strong>Ῥάσουσαν</strong></span> <span class='ocrx_word' id='word_1_103' title='bbox 1195 1693 1235 1769; x_wconf 83' lang='grc' dir='ltr'><strong>τη</strong></span> <span class='ocrx_word' id='word_1_104' title='bbox 1263 1690 1320 1768; x_wconf 90' lang='grc' dir='ltr'><strong>τῆς</strong></span> <span class='ocrx_word' id='word_1_105' title='bbox 1347 1676 1526 1766; x_wconf 84' lang='grc' dir='ltr'><strong>ότεράγνυυ</strong></span> 
     </span>
     <span class='ocr_line' id='line_1_13' title="bbox 261 1803 1526 1894; baseline 0.001 -24"><span class='ocrx_word' id='word_1_106' title='bbox 261 1827 321 1893; x_wconf 90' lang='grc' dir='ltr'><strong>μου</strong></span> <span class='ocrx_word' id='word_1_107' title='bbox 355 1808 556 1894; x_wconf 85' lang='grc' dir='ltr'><strong>θεομήτορος</strong></span> <span class='ocrx_word' id='word_1_108' title='bbox 591 1815 671 1892; x_wconf 81' lang='grc' dir='ltr'><strong>μονῆ</strong></span> <span class='ocrx_word' id='word_1_109' title='bbox 698 1813 754 1891; x_wconf 87' lang='grc' dir='ltr'><strong>τῆς</strong></span> <span class='ocrx_word' id='word_1_110' title='bbox 781 1803 904 1880; x_wconf 75' lang='grc' dir='ltr'><strong>Ὀίείας</strong></span> <span class='ocrx_word' id='word_1_111' title='bbox 938 1803 1151 1892; x_wconf 82' lang='grc' dir='ltr'><strong>Ἐπισκέψιως</strong></span> <span class='ocrx_word' id='word_1_112' title='bbox 1184 1815 1241 1893; x_wconf 88' lang='grc' dir='ltr'><strong>τῆς</strong></span> <span class='ocrx_word' id='word_1_113' title='bbox 1275 1803 1526 1892; x_wconf 86' lang='grc' dir='ltr'><strong>Μακρινιτίσσης</strong></span> 
     </span>
     <span class='ocr_line' id='line_1_14' title="bbox 260 1925 1525 2017; baseline 0 -23"><span class='ocrx_word' id='word_1_114' title='bbox 260 1927 507 2017; x_wconf 81' lang='grc' dir='ltr'><strong>ίπικεκλημένη,</strong></span> <span class='ocrx_word' id='word_1_115' title='bbox 531 1935 588 1994; x_wconf 93' lang='grc' dir='ltr'><strong>καί</strong></span> <span class='ocrx_word' id='word_1_116' title='bbox 611 1927 728 1996; x_wconf 79' lang='grc' dir='ltr'><strong>ἐσεῖται</strong></span> <span class='ocrx_word' id='word_1_117' title='bbox 745 1925 825 2016; x_wconf 83' lang='grc' dir='ltr'><strong>αότῆ</strong></span> <span class='ocrx_word' id='word_1_118' title='bbox 850 1928 894 2002; x_wconf 82' lang='grc' dir='ltr'><strong>εἰς</strong></span> <span class='ocrx_word' id='word_1_119' title='bbox 919 1933 1068 2016; x_wconf 86' lang='grc' dir='ltr'><strong>μετόχισν</strong></span> <span class='ocrx_word' id='word_1_120' title='bbox 1085 1927 1337 2004; x_wconf 82' lang='grc' dir='ltr'><strong>ἆνυιποσπάστως</strong></span> <span class='ocrx_word' id='word_1_121' title='bbox 1359 1934 1418 1994; x_wconf 90' lang='grc' dir='ltr'><strong>καί</strong></span> <span class='ocrx_word' id='word_1_122' title='bbox 1441 1928 1525 1995; x_wconf 85' lang='grc' dir='ltr'><strong>έσεί-</strong></span> 
     </span>
     <span class='ocr_line' id='line_1_15' title="bbox 259 2049 1526 2141; baseline 0 -23"><span class='ocrx_word' id='word_1_123' title='bbox 259 2075 312 2118; x_wconf 91' lang='grc' dir='ltr'><strong>ται</strong></span> <span class='ocrx_word' id='word_1_124' title='bbox 334 2055 448 2140; x_wconf 86' lang='grc' dir='ltr'><strong>ταότη,</strong></span> <span class='ocrx_word' id='word_1_125' title='bbox 483 2055 598 2127; x_wconf 84' lang='grc' dir='ltr'><strong>καθιδς</strong></span> <span class='ocrx_word' id='word_1_126' title='bbox 625 2049 645 2140; x_wconf 86' lang='grc' dir='ltr'>ἡ</span> <span class='ocrx_word' id='word_1_127' title='bbox 675 2057 839 2140; x_wconf 89' lang='grc' dir='ltr'><strong>μετρίοτης</strong></span> <span class='ocrx_word' id='word_1_128' title='bbox 862 2049 951 2140; x_wconf 80' lang='grc' dir='ltr'><strong>ἡμῶν</strong></span> <span class='ocrx_word' id='word_1_129' title='bbox 975 2053 1154 2140; x_wconf 70' lang='grc' dir='ltr'><strong>διορίζεται,</strong></span> <span class='ocrx_word' id='word_1_130' title='bbox 1189 2051 1235 2126; x_wconf 84' lang='grc' dir='ltr'><strong>είς</strong></span> <span class='ocrx_word' id='word_1_131' title='bbox 1270 2057 1436 2141; x_wconf 89' lang='grc' dir='ltr'><strong>μετόχιον,</strong></span> <span class='ocrx_word' id='word_1_132' title='bbox 1470 2057 1526 2120; x_wconf 86' lang='grc' dir='ltr'><strong>καί</strong></span> 
     </span>
     <span class='ocr_line' id='line_1_16' title="bbox 261 2173 1526 2265; baseline 0.001 -22"><span class='ocrx_word' id='word_1_133' title='bbox 261 2175 555 2264; x_wconf 73' lang='grc' dir='ltr'><strong>ίττικρατηθήσεται</strong></span> <span class='ocrx_word' id='word_1_134' title='bbox 570 2183 643 2263; x_wconf 86' lang='grc' dir='ltr'><strong>παρ’</strong></span> <span class='ocrx_word' id='word_1_135' title='bbox 662 2173 767 2264; x_wconf 78' lang='grc' dir='ltr'><strong>αὐτῆς,</strong></span> <span class='ocrx_word' id='word_1_136' title='bbox 794 2173 855 2242; x_wconf 81' lang='grc' dir='ltr'><strong>ὅσα</strong></span> <span class='ocrx_word' id='word_1_137' title='bbox 878 2178 918 2265; x_wconf 86' lang='grc' dir='ltr'><strong>δή</strong></span> <span class='ocrx_word' id='word_1_138' title='bbox 942 2181 998 2243; x_wconf 90' lang='grc' dir='ltr'><strong>καί</strong></span> <span class='ocrx_word' id='word_1_139' title='bbox 1015 2181 1155 2264; x_wconf 89' lang='grc' dir='ltr'><strong>γνήσιον,</strong></span> <span class='ocrx_word' id='word_1_140' title='bbox 1178 2181 1272 2244; x_wconf 83' lang='grc' dir='ltr'><strong>καθὰ</strong></span> <span class='ocrx_word' id='word_1_141' title='bbox 1295 2183 1407 2244; x_wconf 76' lang='grc' dir='ltr'><strong>καίτοι</strong></span> <span class='ocrx_word' id='word_1_142' title='bbox 1431 2181 1526 2245; x_wconf 84' lang='grc' dir='ltr'><strong>λοιπά</strong></span> 
     </span>
     <span class='ocr_line' id='line_1_17' title="bbox 261 2299 1526 2390; baseline 0.002 -24"><span class='ocrx_word' id='word_1_143' title='bbox 261 2303 378 2388; x_wconf 89' lang='grc' dir='ltr'><strong>ταότης</strong></span> <span class='ocrx_word' id='word_1_144' title='bbox 407 2305 553 2388; x_wconf 86' lang='grc' dir='ltr'><strong>μετόχτα,</strong></span> <span class='ocrx_word' id='word_1_145' title='bbox 583 2299 699 2366; x_wconf 79' lang='grc' dir='ltr'><strong>ἐσεῖται</strong></span> <span class='ocrx_word' id='word_1_146' title='bbox 726 2303 762 2366; x_wconf 80' lang='grc' dir='ltr'><strong>δὲ</strong></span> <span class='ocrx_word' id='word_1_147' title='bbox 791 2305 872 2388; x_wconf 83' lang='grc' dir='ltr'><strong>μετά</strong></span> <span class='ocrx_word' id='word_1_148' title='bbox 899 2305 1015 2376; x_wconf 82' lang='grc' dir='ltr'><strong>παντὸς</strong></span> <span class='ocrx_word' id='word_1_149' title='bbox 1039 2303 1165 2367; x_wconf 84' lang='grc' dir='ltr'><strong>δικαίου</strong></span> <span class='ocrx_word' id='word_1_150' title='bbox 1188 2307 1244 2367; x_wconf 92' lang='grc' dir='ltr'><strong>καί</strong></span> <span class='ocrx_word' id='word_1_151' title='bbox 1272 2307 1445 2390; x_wconf 90' lang='grc' dir='ltr'><strong>πρυνομίσυ</strong></span> <span class='ocrx_word' id='word_1_152' title='bbox 1470 2299 1526 2368; x_wconf 81' lang='grc' dir='ltr'><strong>αό-</strong></span> 
     </span>
     <span class='ocr_line' id='line_1_18' title="bbox 260 2423 1526 2515; baseline -0.001 -24"><span class='ocrx_word' id='word_1_153' title='bbox 260 2433 316 2492; x_wconf 88' lang='grc' dir='ltr'><strong>τυῦ</strong></span> <span class='ocrx_word' id='word_1_154' title='bbox 350 2429 407 2490; x_wconf 91' lang='grc' dir='ltr'><strong>καί</strong></span> <span class='ocrx_word' id='word_1_155' title='bbox 433 2428 556 2491; x_wconf 88' lang='grc' dir='ltr'><strong>πάντων</strong></span> <span class='ocrx_word' id='word_1_156' title='bbox 591 2435 651 2490; x_wconf 80' lang='grc' dir='ltr'><strong>τῶν</strong></span> <span class='ocrx_word' id='word_1_157' title='bbox 688 2429 868 2510; x_wconf 91' lang='grc' dir='ltr'><strong>προσόντων</strong></span> <span class='ocrx_word' id='word_1_158' title='bbox 908 2423 988 2514; x_wconf 79' lang='grc' dir='ltr'><strong>αὐτῆ</strong></span> <span class='ocrx_word' id='word_1_159' title='bbox 1027 2437 1176 2513; x_wconf 82' lang='grc' dir='ltr'><strong>κινητῶν,</strong></span> <span class='ocrx_word' id='word_1_160' title='bbox 1216 2423 1432 2515; x_wconf 86' lang='grc' dir='ltr'><strong>αότοκινήτων</strong></span> <span class='ocrx_word' id='word_1_161' title='bbox 1469 2424 1526 2492; x_wconf 83' lang='grc' dir='ltr'><strong>καὶ</strong></span> 
     </span>
    </p>
   </div>
   <div class='ocr_carea' id='block_1_3' title="bbox 261 2539 1524 2638">
    <p class='ocr_par' dir='ltr' id='par_1_3' title="bbox 261 2539 1524 2638">
     <span class='ocr_line' id='line_1_19' title="bbox 261 2539 1524 2638; baseline 0.002 -24"><span class='ocrx_word' id='word_1_162' title='bbox 261 2547 428 2637; x_wconf 74' lang='grc' dir='ltr'><strong>ἀκινήτων,</strong></span> <span class='ocrx_word' id='word_1_163' title='bbox 452 2549 683 2635; x_wconf 72' lang='grc' dir='ltr'><strong>δεσποζόμενον</strong></span> <span class='ocrx_word' id='word_1_164' title='bbox 712 2553 798 2636; x_wconf 82' lang='grc' dir='ltr'><strong>παρὰ</strong></span> <span class='ocrx_word' id='word_1_165' title='bbox 826 2539 881 2636; x_wconf 82' lang='grc' dir='ltr'><strong>τῆς</strong></span> <span class='ocrx_word' id='word_1_166' title='bbox 908 2551 1065 2624; x_wconf 76' lang='grc' dir='ltr'><strong>πολλάκις</strong></span> <span class='ocrx_word' id='word_1_167' title='bbox 1100 2545 1258 2638; x_wconf 84' lang='grc' dir='ltr'><strong>ῥηθείσης</strong></span> <span class='ocrx_word' id='word_1_168' title='bbox 1291 2559 1524 2638; x_wconf 87' lang='grc' dir='ltr'><strong>πατριαρχικῆς</strong></span> 
     </span>
    </p>
   </div>
   <div class='ocr_carea' id='block_1_4' title="bbox 209 2669 1526 4743">
    <p class='ocr_par' dir='ltr' id='par_1_4' title="bbox 209 2669 1526 4743">
     <span class='ocr_line' id='line_1_20' title="bbox 263 2669 1524 2761; baseline 0 -23"><span class='ocrx_word' id='word_1_169' title='bbox 263 2682 362 2760; x_wconf 90' lang='grc' dir='ltr'><strong>μονῆς</strong></span> <span class='ocrx_word' id='word_1_170' title='bbox 384 2681 440 2760; x_wconf 89' lang='grc' dir='ltr'><strong>τῆς</strong></span> <span class='ocrx_word' id='word_1_171' title='bbox 466 2672 723 2760; x_wconf 89' lang='grc' dir='ltr'><strong>Μακρινιτίσσης.</strong></span> <span class='ocrx_word' id='word_1_172' title='bbox 752 2671 769 2738; x_wconf 88' lang='grc' dir='ltr'><strong>ό</strong></span> <span class='ocrx_word' id='word_1_173' title='bbox 798 2673 834 2738; x_wconf 87' lang='grc' dir='ltr'><strong>δέ</strong></span> <span class='ocrx_word' id='word_1_174' title='bbox 869 2669 972 2758; x_wconf 86' lang='grc' dir='ltr'><strong>ἀββάς</strong></span> <span class='ocrx_word' id='word_1_175' title='bbox 998 2673 1146 2761; x_wconf 80' lang='grc' dir='ltr'><strong>Ἰωάννης</strong></span> <span class='ocrx_word' id='word_1_176' title='bbox 1173 2671 1237 2750; x_wconf 73' lang='grc' dir='ltr'><strong>ἔξει</strong></span> <span class='ocrx_word' id='word_1_177' title='bbox 1263 2675 1298 2740; x_wconf 83' lang='grc' dir='ltr'><strong>τά</strong></span> <span class='ocrx_word' id='word_1_178' title='bbox 1327 2679 1524 2761; x_wconf 91' lang='grc' dir='ltr'><strong>μνημόσυνον</strong></span> 
     </span>
     <span class='ocr_line' id='line_1_21' title="bbox 265 2783 1525 2886; baseline -0.002 -22"><span class='ocrx_word' id='word_1_179' title='bbox 265 2793 362 2864; x_wconf 76' lang='grc' dir='ltr'><strong>αὐτοῦ</strong></span> <span class='ocrx_word' id='word_1_180' title='bbox 397 2797 430 2862; x_wconf 83' lang='grc' dir='ltr'><strong>ἕν</strong></span> <span class='ocrx_word' id='word_1_181' title='bbox 453 2819 487 2862; x_wconf 92' lang='grc' dir='ltr'><strong>τε</strong></span> <span class='ocrx_word' id='word_1_182' title='bbox 516 2799 558 2883; x_wconf 73' lang='grc' dir='ltr'><strong>τῷ</strong></span> <span class='ocrx_word' id='word_1_183' title='bbox 586 2797 717 2883; x_wconf 80' lang='grc' dir='ltr'><strong>μεγάλην</strong></span> <span class='ocrx_word' id='word_1_184' title='bbox 747 2803 948 2884; x_wconf 87' lang='grc' dir='ltr'><strong>μοναστηρίιρ</strong></span> <span class='ocrx_word' id='word_1_185' title='bbox 972 2801 1028 2862; x_wconf 93' lang='grc' dir='ltr'><strong>καί</strong></span> <span class='ocrx_word' id='word_1_186' title='bbox 1057 2783 1098 2882; x_wconf 69' lang='grc' dir='ltr'><strong>τῷ</strong></span> <span class='ocrx_word' id='word_1_187' title='bbox 1121 2802 1270 2885; x_wconf 84' lang='grc' dir='ltr'><strong>μετοχίιρ,</strong></span> <span class='ocrx_word' id='word_1_188' title='bbox 1294 2807 1349 2864; x_wconf 83' lang='grc' dir='ltr'><strong>τοῦ</strong></span> <span class='ocrx_word' id='word_1_189' title='bbox 1376 2799 1525 2886; x_wconf 78' lang='grc' dir='ltr'><strong>λτιφάνου</strong></span> 
     </span>
     <span class='ocr_line' id='line_1_22' title="bbox 263 2917 1524 3010; baseline -0.003 -22"><span class='ocrx_word' id='word_1_190' title='bbox 263 2919 360 2988; x_wconf 77' lang='grc' dir='ltr'><strong>αὐτοῦ</strong></span> <span class='ocrx_word' id='word_1_191' title='bbox 389 2919 571 3010; x_wconf 89' lang='grc' dir='ltr'><strong>όφείλοντυς</strong></span> <span class='ocrx_word' id='word_1_192' title='bbox 605 2927 709 3007; x_wconf 85' lang='grc' dir='ltr'><strong>μένειν</strong></span> <span class='ocrx_word' id='word_1_193' title='bbox 738 2919 957 3007; x_wconf 80' lang='grc' dir='ltr'><strong>ἀμεταθέτου,</strong></span> <span class='ocrx_word' id='word_1_194' title='bbox 993 2919 1026 2996; x_wconf 62' lang='lat' dir='ltr'><strong>ke</strong></span> <span class='ocrx_word' id='word_1_195' title='bbox 1049 2917 1144 3007; x_wconf 85' lang='grc' dir='ltr'><strong>υόιττρ</strong></span> <span class='ocrx_word' id='word_1_196' title='bbox 1167 2925 1330 3010; x_wconf 85' lang='grc' dir='ltr'><strong>κατετέθη</strong></span> <span class='ocrx_word' id='word_1_197' title='bbox 1353 2925 1466 3000; x_wconf 84' lang='grc' dir='ltr'><strong>τόπου,</strong></span> <span class='ocrx_word' id='word_1_198' title='bbox 1495 2919 1524 2985; x_wconf 79' lang='grc' dir='ltr'><strong>ἐν</strong></span> 
     </span>
     <span class='ocr_line' id='line_1_23' title="bbox 263 3041 1525 3134; baseline 0 -24"><span class='ocrx_word' id='word_1_199' title='bbox 263 3043 371 3134; x_wconf 80' lang='grc' dir='ltr'><strong>ιβκαί</strong></span> <span class='ocrx_word' id='word_1_200' title='bbox 397 3047 450 3111; x_wconf 85' lang='grc' dir='ltr'><strong>τόν</strong></span> <span class='ocrx_word' id='word_1_201' title='bbox 479 3044 656 3132; x_wconf 74' lang='grc' dir='ltr'><strong>ἀσκητικὸν</strong></span> <span class='ocrx_word' id='word_1_202' title='bbox 684 3043 794 3123; x_wconf 81' lang='grc' dir='ltr'><strong>ἀγῶνα</strong></span> <span class='ocrx_word' id='word_1_203' title='bbox 822 3045 977 3131; x_wconf 89' lang='grc' dir='ltr'><strong>διήνυσεν.</strong></span> <span class='ocrx_word' id='word_1_204' title='bbox 1007 3042 1126 3134; x_wconf 84' lang='grc' dir='ltr'><strong>δφείλτι</strong></span> <span class='ocrx_word' id='word_1_205' title='bbox 1153 3043 1260 3131; x_wconf 83' lang='grc' dir='ltr'><strong>μίντοι</strong></span> <span class='ocrx_word' id='word_1_206' title='bbox 1281 3041 1299 3110; x_wconf 88' lang='grc' dir='ltr'><strong>ό</strong></span> <span class='ocrx_word' id='word_1_207' title='bbox 1323 3055 1380 3133; x_wconf 87' lang='grc' dir='ltr'><strong>τῆς</strong></span> <span class='ocrx_word' id='word_1_208' title='bbox 1401 3045 1525 3131; x_wconf 85' lang='grc' dir='ltr'><strong>Μακρι-</strong></span> 
     </span>
     <span class='ocr_line' id='line_1_24' title="bbox 264 3165 1526 3257; baseline -0.002 -23"><span class='ocrx_word' id='word_1_209' title='bbox 264 3168 406 3257; x_wconf 84' lang='grc' dir='ltr'><strong>νιτίσσης</strong></span> <span class='ocrx_word' id='word_1_210' title='bbox 428 3165 605 3257; x_wconf 78' lang='grc' dir='ltr'><strong>ἡγούμενος</strong></span> <span class='ocrx_word' id='word_1_211' title='bbox 628 3167 837 3255; x_wconf 83' lang='grc' dir='ltr'><strong>ἱερομόναχσν</strong></span> <span class='ocrx_word' id='word_1_212' title='bbox 860 3171 964 3235; x_wconf 89' lang='grc' dir='ltr'><strong>θείναι</strong></span> <span class='ocrx_word' id='word_1_213' title='bbox 987 3166 1020 3232; x_wconf 84' lang='grc' dir='ltr'><strong>έν</strong></span> <span class='ocrx_word' id='word_1_214' title='bbox 1043 3167 1090 3254; x_wconf 78' lang='grc' dir='ltr'><strong>ιμ’</strong></span> <span class='ocrx_word' id='word_1_215' title='bbox 1111 3171 1242 3254; x_wconf 79' lang='grc' dir='ltr'><strong>τοιούτῳ</strong></span> <span class='ocrx_word' id='word_1_216' title='bbox 1264 3174 1402 3256; x_wconf 83' lang='grc' dir='ltr'><strong>μετυχίιρ</strong></span> <span class='ocrx_word' id='word_1_217' title='bbox 1428 3168 1526 3254; x_wconf 80' lang='grc' dir='ltr'><strong>ἄνδρα</strong></span> 
     </span>
     <span class='ocr_line' id='line_1_25' title="bbox 263 3289 1524 3381; baseline -0.002 -23"><span class='ocrx_word' id='word_1_218' title='bbox 263 3303 325 3358; x_wconf 80' lang='grc' dir='ltr'><strong>τῶν</strong></span> <span class='ocrx_word' id='word_1_219' title='bbox 353 3289 495 3378; x_wconf 79' lang='grc' dir='ltr'><strong>εὐλαβων</strong></span> <span class='ocrx_word' id='word_1_220' title='bbox 524 3291 718 3380; x_wconf 71' lang='grc' dir='ltr'><strong>ἐπιστήμονα</strong></span> <span class='ocrx_word' id='word_1_221' title='bbox 746 3301 802 3379; x_wconf 91' lang='grc' dir='ltr'><strong>τῆς</strong></span> <span class='ocrx_word' id='word_1_222' title='bbox 830 3293 1006 3379; x_wconf 81' lang='grc' dir='ltr'><strong>μοναδικῆς</strong></span> <span class='ocrx_word' id='word_1_223' title='bbox 1030 3293 1137 3381; x_wconf 78' lang='grc' dir='ltr'><strong>βιοτῆς</strong></span> <span class='ocrx_word' id='word_1_224' title='bbox 1164 3315 1197 3356; x_wconf 87' lang='grc' dir='ltr'><strong>τε</strong></span> <span class='ocrx_word' id='word_1_225' title='bbox 1221 3295 1277 3358; x_wconf 90' lang='grc' dir='ltr'><strong>καί</strong></span> <span class='ocrx_word' id='word_1_226' title='bbox 1299 3297 1524 3365; x_wconf 87' lang='grc' dir='ltr'><strong>καταστάσεως</strong></span> 
     </span>
     <span class='ocr_line' id='line_1_26' title="bbox 265 3414 1525 3504; baseline -0.003 -22"><span class='ocrx_word' id='word_1_227' title='bbox 265 3415 312 3492; x_wconf 82' lang='grc' dir='ltr'><strong>τίς</strong></span> <span class='ocrx_word' id='word_1_228' title='bbox 339 3420 497 3504; x_wconf 91' lang='grc' dir='ltr'><strong>σωτηρίαν</strong></span> <span class='ocrx_word' id='word_1_229' title='bbox 525 3425 585 3482; x_wconf 81' lang='grc' dir='ltr'><strong>τῶν</strong></span> <span class='ocrx_word' id='word_1_230' title='bbox 609 3414 713 3482; x_wconf 76' lang='grc' dir='ltr'><strong>ἐκεῖσε</strong></span> <span class='ocrx_word' id='word_1_231' title='bbox 736 3415 917 3503; x_wconf 74' lang='grc' dir='ltr'><strong>δυναμένων</strong></span> <span class='ocrx_word' id='word_1_232' title='bbox 941 3415 1086 3482; x_wconf 72' lang='grc' dir='ltr'><strong>ἐνασκτϊν</strong></span> <span class='ocrx_word' id='word_1_233' title='bbox 1110 3427 1274 3504; x_wconf 78' lang='grc' dir='ltr'><strong>μοναχων,</strong></span> <span class='ocrx_word' id='word_1_234' title='bbox 1298 3415 1342 3490; x_wconf 81' lang='grc' dir='ltr'><strong>είς</strong></span> <span class='ocrx_word' id='word_1_235' title='bbox 1366 3417 1525 3500; x_wconf 74' lang='grc' dir='ltr'><strong>βελτίοσιν</strong></span> 
     </span>
     <span class='ocr_line' id='line_1_27' title="bbox 264 3535 1524 3626; baseline -0.002 -20"><span class='ocrx_word' id='word_1_236' title='bbox 264 3547 320 3606; x_wconf 81' lang='grc' dir='ltr'><strong>τοῦ</strong></span> <span class='ocrx_word' id='word_1_237' title='bbox 347 3543 459 3618; x_wconf 88' lang='grc' dir='ltr'><strong>τόπου,</strong></span> <span class='ocrx_word' id='word_1_238' title='bbox 488 3539 533 3614; x_wconf 79' lang='grc' dir='ltr'><strong>τίς</strong></span> <span class='ocrx_word' id='word_1_239' title='bbox 560 3537 719 3626; x_wconf 84' lang='grc' dir='ltr'><strong>όμνιρδίαν</strong></span> <span class='ocrx_word' id='word_1_240' title='bbox 741 3545 797 3606; x_wconf 88' lang='grc' dir='ltr'><strong>καί</strong></span> <span class='ocrx_word' id='word_1_241' title='bbox 820 3541 1006 3619; x_wconf 79' lang='grc' dir='ltr'><strong>δυΕολογίαν</strong></span> <span class='ocrx_word' id='word_1_242' title='bbox 1029 3549 1085 3605; x_wconf 82' lang='grc' dir='ltr'><strong>τοῦ</strong></span> <span class='ocrx_word' id='word_1_243' title='bbox 1112 3542 1193 3606; x_wconf 80' lang='grc' dir='ltr'><strong>θεοῦ</strong></span> <span class='ocrx_word' id='word_1_244' title='bbox 1216 3544 1272 3604; x_wconf 90' lang='grc' dir='ltr'><strong>καί</strong></span> <span class='ocrx_word' id='word_1_245' title='bbox 1299 3543 1449 3626; x_wconf 84' lang='grc' dir='ltr'><strong>χράσθαι</strong></span> <span class='ocrx_word' id='word_1_246' title='bbox 1470 3535 1524 3604; x_wconf 87' lang='grc' dir='ltr'><strong>τιό-</strong></span> 
     </span>
     <span class='ocr_line' id='line_1_28' title="bbox 264 3658 1521 3752; baseline 0 -24"><span class='ocrx_word' id='word_1_247' title='bbox 264 3663 317 3751; x_wconf 76' lang='grc' dir='ltr'><strong>τιβ,</strong></span> <span class='ocrx_word' id='word_1_248' title='bbox 345 3661 387 3738; x_wconf 81' lang='grc' dir='ltr'><strong>τδς</strong></span> <span class='ocrx_word' id='word_1_249' title='bbox 419 3661 527 3749; x_wconf 77' lang='grc' dir='ltr'><strong>οἰκείῳ</strong></span> <span class='ocrx_word' id='word_1_250' title='bbox 555 3661 612 3728; x_wconf 83' lang='grc' dir='ltr'><strong>καὶ</strong></span> <span class='ocrx_word' id='word_1_251' title='bbox 645 3669 734 3750; x_wconf 83' lang='grc' dir='ltr'><strong>μέρει</strong></span> <span class='ocrx_word' id='word_1_252' title='bbox 761 3661 827 3730; x_wconf 88' lang='grc' dir='ltr'><strong>όντι</strong></span> <span class='ocrx_word' id='word_1_253' title='bbox 861 3667 917 3728; x_wconf 88' lang='grc' dir='ltr'><strong>καί</strong></span> <span class='ocrx_word' id='word_1_254' title='bbox 946 3661 1036 3750; x_wconf 82' lang='grc' dir='ltr'><strong>μέλει</strong></span> <span class='ocrx_word' id='word_1_255' title='bbox 1059 3672 1115 3751; x_wconf 90' lang='grc' dir='ltr'><strong>τῆς</strong></span> <span class='ocrx_word' id='word_1_256' title='bbox 1139 3659 1188 3729; x_wconf 78' lang='grc' dir='ltr'><strong>ὑπ’</strong></span> <span class='ocrx_word' id='word_1_257' title='bbox 1212 3658 1307 3728; x_wconf 86' lang='grc' dir='ltr'><strong>αότόν</strong></span> <span class='ocrx_word' id='word_1_258' title='bbox 1336 3673 1445 3752; x_wconf 91' lang='grc' dir='ltr'><strong>μονῆς.</strong></span> <span class='ocrx_word' id='word_1_259' title='bbox 1473 3665 1521 3728; x_wconf 88' lang='grc' dir='ltr'><strong>τόν</strong></span> 
     </span>
     <span class='ocr_line' id='line_1_29' title="bbox 209 3785 1523 3876; baseline 0 -24"><span class='ocrx_word' id='word_1_260' title='bbox 209 3819 211 3826; x_wconf 56' lang='grc'><strong>’</strong></span> <span class='ocrx_word' id='word_1_261' title='bbox 268 3791 375 3876; x_wconf 77' lang='grc' dir='ltr'><strong>μέντοι</strong></span> <span class='ocrx_word' id='word_1_262' title='bbox 401 3787 591 3875; x_wconf 83' lang='grc' dir='ltr'><strong>δηλωθέντα</strong></span> <span class='ocrx_word' id='word_1_263' title='bbox 618 3790 760 3875; x_wconf 79' lang='grc' dir='ltr'><strong>μοναχὸν</strong></span> <span class='ocrx_word' id='word_1_264' title='bbox 789 3787 960 3856; x_wconf 82' lang='grc' dir='ltr'><strong>Θεοδόσιον</strong></span> <span class='ocrx_word' id='word_1_265' title='bbox 989 3789 1164 3855; x_wconf 87' lang='grc' dir='ltr'><strong>σπουδάσει</strong></span> <span class='ocrx_word' id='word_1_266' title='bbox 1191 3791 1386 3876; x_wconf 86' lang='grc' dir='ltr'><strong>κυβερνῆσαι</strong></span> <span class='ocrx_word' id='word_1_267' title='bbox 1407 3785 1523 3873; x_wconf 83' lang='grc' dir='ltr'><strong>θεαρί-</strong></span> 
     </span>
     <span class='ocr_line' id='line_1_30' title="bbox 265 3907 1523 4002; baseline -0.002 -24"><span class='ocrx_word' id='word_1_268' title='bbox 265 3933 347 3986; x_wconf 88' lang='grc' dir='ltr'><strong>στως</strong></span> <span class='ocrx_word' id='word_1_269' title='bbox 374 3916 431 3978; x_wconf 91' lang='grc' dir='ltr'><strong>καί</strong></span> <span class='ocrx_word' id='word_1_270' title='bbox 458 3912 531 3985; x_wconf 87' lang='grc' dir='ltr'><strong>τοδς</strong></span> <span class='ocrx_word' id='word_1_271' title='bbox 559 3911 643 3998; x_wconf 79' lang='grc' dir='ltr'><strong>εἴπερ</strong></span> <span class='ocrx_word' id='word_1_272' title='bbox 672 3915 728 3978; x_wconf 87' lang='grc' dir='ltr'><strong>καί</strong></span> <span class='ocrx_word' id='word_1_273' title='bbox 751 3908 900 3999; x_wconf 84' lang='grc' dir='ltr'><strong>εόρηνται</strong></span> <span class='ocrx_word' id='word_1_274' title='bbox 935 3917 1002 4002; x_wconf 90' lang='grc' dir='ltr'><strong>μετ’</strong></span> <span class='ocrx_word' id='word_1_275' title='bbox 1027 3907 1124 3978; x_wconf 82' lang='grc' dir='ltr'><strong>αότυό</strong></span> <span class='ocrx_word' id='word_1_276' title='bbox 1160 3914 1323 4000; x_wconf 83' lang='grc' dir='ltr'><strong>μοναχούς</strong></span> <span class='ocrx_word' id='word_1_277' title='bbox 1345 3911 1404 3978; x_wconf 82' lang='grc' dir='ltr'><strong>ένα</strong></span> <span class='ocrx_word' id='word_1_278' title='bbox 1433 3913 1523 3998; x_wconf 86' lang='grc' dir='ltr'><strong>τυχόν</strong></span> 
     </span>
     <span class='ocr_line' id='line_1_31' title="bbox 264 4034 1523 4124; baseline -0.003 -24"><span class='ocrx_word' id='word_1_279' title='bbox 264 4034 286 4124; x_wconf 83' lang='grc' dir='ltr'><strong>ῆ</strong></span> <span class='ocrx_word' id='word_1_280' title='bbox 320 4039 377 4100; x_wconf 88' lang='grc' dir='ltr'><strong>καί</strong></span> <span class='ocrx_word' id='word_1_281' title='bbox 410 4036 557 4122; x_wconf 85' lang='grc' dir='ltr'><strong>διόπερον</strong></span> <span class='ocrx_word' id='word_1_282' title='bbox 585 4040 641 4100; x_wconf 87' lang='grc' dir='ltr'><strong>καί</strong></span> <span class='ocrx_word' id='word_1_283' title='bbox 667 4039 744 4121; x_wconf 88' lang='grc' dir='ltr'><strong>πρός</strong></span> <span class='ocrx_word' id='word_1_284' title='bbox 778 4039 817 4100; x_wconf 83' lang='grc' dir='ltr'><strong>τά</strong></span> <span class='ocrx_word' id='word_1_285' title='bbox 852 4039 992 4122; x_wconf 89' lang='grc' dir='ltr'><strong>σωτήρια</strong></span> <span class='ocrx_word' id='word_1_286' title='bbox 1019 4037 1171 4102; x_wconf 83' lang='grc' dir='ltr'><strong>διιθῦναι·</strong></span> <span class='ocrx_word' id='word_1_287' title='bbox 1207 4035 1251 4110; x_wconf 86' lang='grc' dir='ltr'><strong>είς</strong></span> <span class='ocrx_word' id='word_1_288' title='bbox 1285 4039 1346 4123; x_wconf 86' lang='grc' dir='ltr'><strong>γάρ</strong></span> <span class='ocrx_word' id='word_1_289' title='bbox 1379 4041 1523 4102; x_wconf 89' lang='grc' dir='ltr'><strong>παντοίαν</strong></span> 
     </span>
     <span class='ocr_line' id='line_1_32' title="bbox 266 4157 1523 4250; baseline 0 -26"><span class='ocrx_word' id='word_1_290' title='bbox 266 4157 420 4250; x_wconf 75' lang='grc' dir='ltr'><strong>ὠφέλειαν</strong></span> <span class='ocrx_word' id='word_1_291' title='bbox 456 4163 512 4224; x_wconf 90' lang='grc' dir='ltr'><strong>καί</strong></span> <span class='ocrx_word' id='word_1_292' title='bbox 538 4162 599 4244; x_wconf 85' lang='grc' dir='ltr'><strong>πρό</strong></span> <span class='ocrx_word' id='word_1_293' title='bbox 626 4163 750 4224; x_wconf 90' lang='grc' dir='ltr'><strong>πάντων</strong></span> <span class='ocrx_word' id='word_1_294' title='bbox 777 4160 915 4246; x_wconf 76' lang='grc' dir='ltr'><strong>ψυχικήν</strong></span> <span class='ocrx_word' id='word_1_295' title='bbox 944 4157 1159 4246; x_wconf 82' lang='grc' dir='ltr'><strong>όπυτιθόαμεν</strong></span> <span class='ocrx_word' id='word_1_296' title='bbox 1195 4161 1250 4246; x_wconf 85' lang='grc' dir='ltr'><strong>τήν</strong></span> <span class='ocrx_word' id='word_1_297' title='bbox 1280 4157 1457 4226; x_wconf 87' lang='grc' dir='ltr'><strong>Ῥάσουσαν</strong></span> <span class='ocrx_word' id='word_1_298' title='bbox 1488 4167 1523 4242; x_wconf 81' lang='grc' dir='ltr'><strong>τῆ</strong></span> 
     </span>
     <span class='ocr_line' id='line_1_33' title="bbox 266 4279 1522 4371; baseline -0.003 -21"><span class='ocrx_word' id='word_1_299' title='bbox 266 4281 498 4370; x_wconf 81' lang='grc' dir='ltr'><strong>Μακρινιτίσση</strong></span> <span class='ocrx_word' id='word_1_300' title='bbox 521 4283 753 4370; x_wconf 83' lang='grc' dir='ltr'><strong>πατριαρχικήν</strong></span> <span class='ocrx_word' id='word_1_301' title='bbox 782 4279 879 4348; x_wconf 81' lang='grc' dir='ltr'><strong>οὖσαν</strong></span> <span class='ocrx_word' id='word_1_302' title='bbox 901 4281 1126 4370; x_wconf 69' lang='grc' dir='ltr'><strong>πατριαρχικιβ</strong></span> <span class='ocrx_word' id='word_1_303' title='bbox 1152 4279 1293 4371; x_wconf 72' lang='grc' dir='ltr'><strong>ἐπιφανεῖ</strong></span> <span class='ocrx_word' id='word_1_304' title='bbox 1319 4282 1522 4370; x_wconf 83' lang='grc' dir='ltr'><strong>μοναστηρίφ,</strong></span> 
     </span>
     <span class='ocr_line' id='line_1_34' title="bbox 267 4402 1523 4495; baseline -0.001 -23"><span class='ocrx_word' id='word_1_305' title='bbox 267 4405 317 4495; x_wconf 74' lang='grc' dir='ltr'><strong>ίφ’</strong></span> <span class='ocrx_word' id='word_1_306' title='bbox 342 4404 368 4495; x_wconf 70' lang='grc' dir='ltr'><strong>ιβ</strong></span> <span class='ocrx_word' id='word_1_307' title='bbox 390 4411 447 4472; x_wconf 82' lang='grc' dir='ltr'><strong>καί</strong></span> <span class='ocrx_word' id='word_1_308' title='bbox 470 4402 584 4487; x_wconf 85' lang='grc' dir='ltr'><strong>οόδιίς,</strong></span> <span class='ocrx_word' id='word_1_309' title='bbox 609 4405 715 4480; x_wconf 85' lang='grc' dir='ltr'><strong>όπυῐος</strong></span> <span class='ocrx_word' id='word_1_310' title='bbox 740 4404 777 4482; x_wconf 78' lang='grc' dir='ltr'><strong>ἂν</strong></span> <span class='ocrx_word' id='word_1_311' title='bbox 800 4409 857 4470; x_wconf 88' lang='grc' dir='ltr'><strong>καί</strong></span> <span class='ocrx_word' id='word_1_312' title='bbox 880 4405 939 4494; x_wconf 82' lang='grc' dir='ltr'><strong>εἴη,</strong></span> <span class='ocrx_word' id='word_1_313' title='bbox 964 4407 1119 4494; x_wconf 85' lang='grc' dir='ltr'><strong>τολμήσει</strong></span> <span class='ocrx_word' id='word_1_314' title='bbox 1141 4415 1361 4495; x_wconf 82' lang='grc' dir='ltr'><strong>παραποιήσαι</strong></span> <span class='ocrx_word' id='word_1_315' title='bbox 1383 4411 1423 4474; x_wconf 84' lang='grc' dir='ltr'><strong>τὰ</strong></span> <span class='ocrx_word' id='word_1_316' title='bbox 1445 4406 1523 4491; x_wconf 86' lang='grc' dir='ltr'><strong>τίρη-</strong></span> 
     </span>
     <span class='ocr_line' id='line_1_35' title="bbox 268 4525 1520 4618; baseline -0.003 -22"><span class='ocrx_word' id='word_1_317' title='bbox 268 4535 358 4618; x_wconf 71' lang='grc' dir='ltr'><strong>μένα,</strong></span> <span class='ocrx_word' id='word_1_318' title='bbox 382 4527 448 4596; x_wconf 76' lang='grc' dir='ltr'><strong>οόδ’</strong></span> <span class='ocrx_word' id='word_1_319' title='bbox 473 4525 568 4604; x_wconf 87' lang='grc' dir='ltr'><strong>αότός</strong></span> <span class='ocrx_word' id='word_1_320' title='bbox 590 4527 607 4596; x_wconf 89' lang='grc' dir='ltr'><strong>ό</strong></span> <span class='ocrx_word' id='word_1_321' title='bbox 631 4525 746 4616; x_wconf 83' lang='grc' dir='ltr'><strong>ῥηθείς</strong></span> <span class='ocrx_word' id='word_1_322' title='bbox 770 4531 913 4617; x_wconf 82' lang='grc' dir='ltr'><strong>μοναχός</strong></span> <span class='ocrx_word' id='word_1_323' title='bbox 936 4530 1108 4604; x_wconf 88' lang='grc' dir='ltr'><strong>Θεοδόσιος</strong></span> <span class='ocrx_word' id='word_1_324' title='bbox 1133 4531 1171 4596; x_wconf 82' lang='grc' dir='ltr'><strong>έκ</strong></span> <span class='ocrx_word' id='word_1_325' title='bbox 1196 4533 1407 4618; x_wconf 86' lang='grc' dir='ltr'><strong>μεταμελείας</strong></span> <span class='ocrx_word' id='word_1_326' title='bbox 1433 4531 1520 4614; x_wconf 87' lang='grc' dir='ltr'><strong>δυνή-</strong></span> 
     </span>
     <span class='ocr_line' id='line_1_36' title="bbox 267 4651 1518 4743; baseline -0.002 -23"><span class='ocrx_word' id='word_1_327' title='bbox 267 4675 357 4720; x_wconf 84' lang='grc' dir='ltr'><strong>σεται</strong></span> <span class='ocrx_word' id='word_1_328' title='bbox 392 4651 570 4740; x_wconf 80' lang='grc' dir='ltr'><strong>άνατροιτήν</strong></span> <span class='ocrx_word' id='word_1_329' title='bbox 609 4655 724 4720; x_wconf 85' lang='grc' dir='ltr'><strong>τυότων</strong></span> <span class='ocrx_word' id='word_1_330' title='bbox 763 4657 977 4743; x_wconf 88' lang='grc' dir='ltr'><strong>ποιήσασθαι,</strong></span> <span class='ocrx_word' id='word_1_331' title='bbox 1020 4652 1104 4720; x_wconf 79' lang='grc' dir='ltr'><strong>ἀλλὰ</strong></span> <span class='ocrx_word' id='word_1_332' title='bbox 1140 4657 1273 4732; x_wconf 74' lang='grc' dir='ltr'><strong>καθέξει</strong></span> <span class='ocrx_word' id='word_1_333' title='bbox 1307 4657 1363 4743; x_wconf 85' lang='grc' dir='ltr'><strong>τήν</strong></span> <span class='ocrx_word' id='word_1_334' title='bbox 1396 4653 1518 4722; x_wconf 85' lang='grc' dir='ltr'><strong>Ῥάσου·</strong></span> 
     </span>
    </p>
   </div>
   <div class='ocr_carea' id='block_1_5' title="bbox 0 0 1598 5274">
    <p class='ocr_par' dir='ltr' id='par_1_5' title="bbox 0 0 1598 5274">
     <span class='ocr_line' id='line_1_37' title="bbox 0 0 1598 5274; baseline 0 0"><span class='ocrx_word' id='word_1_335' title='bbox 0 0 1598 5274; x_wconf 95' lang='lat' dir='ltr'><strong> </strong></span> 
     </span>
    </p>
   </div>
  </div>
 </body>
</html>
