3140 5306
394 560 525 630 CLVIII.
543 560 619 628 Sine
634 579 714 628 anno
731 567 761 628 τί
778 580 891 627 mense,

246 709 412 782 Imperator
422 727 615 782 ροοεικεισατε
630 711 796 764 ταοκαείοτύτ·
809 711 903 764 ταύτκίτ
918 708 1040 764 tributis.

106 854 382 946 Ι.ῒἘττρον
415 862 705 945 πρόσταγμα,
741 857 1056 934 ίξκοοσσεύον
1091 859 1140 922 τὰ
1174 859 1274 944 κτη-

47 991 226 1070 μοτατῆς
256 992 399 1072 μονῆς
423 981 506 1046 ἀπὸ
533 991 611 1068 τῆς
635 979 839 1068 ἐκβολῆς
867 983 1273 1066 τύνκονταριίιων

46 1106 480 1172 ταύλοιπῶνδύσεων
504 1109 531 1186 †.

104 1247 327 1334 †Bsot2apita
352 1255 407 1334 τῆς
431 1247 595 1331 βασιλείας
620 1268 690 1332 μού,
715 1245 892 1334 Στρογγύλε
917 1245 1126 1312 Στοττιτειῶτα.
1151 1249 1185 1311 τύ
1211 1251 1270 1332 μί·

45 1395 80 1456 ρος
101 1381 148 1454 της
174 1373 262 1434 κατὰ
289 1372 324 1434 τύ
349 1365 421 1456 ὅρος
449 1377 503 1434 τού
531 1367 661 1455 Αέμβοο
690 1371 866 1452 σεβασμίας
895 1377 993 1456 μονῆς
1020 1377 1077 1456 τῆς
1107 1369 1271 1454 βασιλείας

44 1517 84 1578 μοι
102 1491 249 1580 ἀνήνεγκε
274 1503 312 1579 τη
337 1491 484 1578 βασιλεία
507 1514 577 1578 μου,
602 1489 644 1566 ὣς
672 1493 773 1579 Εητεῖς
801 1490 862 1557 ἀπύ
891 1503 951 1558 τῶν
979 1496 1147 1580 κτημάτων
1176 1488 1272 1585 αὐτῆς

45 1621 222 1702 καταράτους
250 1621 307 1680 καὶ
335 1617 564 1702 ίεοχοαμοίξια,
589 1613 700 1702 ἐπίσης
724 1627 762 1703 τῇ
786 1617 881 1704 λοιπη
905 1620 997 1703 χώρα
1028 1625 1083 1702 της
1106 1615 1270 1700 βασιλείας

20 1763 91 1823 μοι.
112 1737 206 1825 καὶὴ
238 1739 386 1822 βασιλεία
420 1761 480 1824 μοο
508 1733 570 1826 οὐχ
597 1735 692 1823 ὥρισύ
721 1763 790 1818 σοι,
820 1737 873 1804 ἵνα
908 1735 1086 1826 ἀταιτησης
1115 1737 1176 1804 ἀπὸ
1209 1749 1268 1803 τῶν

19 1879 21 1964 μ
44 1866 175 1946 κτημάτων
198 1873 257 1950 τῆς
282 1865 430 1948 τοιαύτης
453 1873 551 1951 μονῆς
573 1867 796 1950 κονταροίτοος.
826 1860 908 1940 ἅπαξ
931 1867 991 1949 γὰρ
1020 1861 1162 1948 ἀπέκοψε
1189 1863 1267 1926 ταύ·

44 2007 79 2070 την
96 1983 111 2070 τ’,
126 1987 272 2070 βασιλεία
297 2007 357 2072 μοο
380 1990 436 2052 καί
459 1991 498 2051 τὰ
521 1979 594 2050 κατ’
619 1983 716 2072 αὐτην
732 1989 882 2074 κτήματα
906 1985 968 2052 ἀπὸ
990 1994 1046 2072 τῆς
1068 1987 1188 2072 χώρας,
1211 1990 1270 2050 καί

18 2104 82 2220 μοι
104 2109 165 2194 ἔχει
191 2113 263 2174 τινὰ
291 2113 427 2196 μττύχια
455 2107 501 2182 είς
528 2111 564 2174 τύ
592 2109 849 2196 σομττλημμελείν
877 2112 956 2196 μετὰ
984 2119 1039 2198 της
1066 2113 1185 2195 χώρας.
1213 2113 1270 2174 καί

18 2221 176 2315 ίίιορίζτταί
203 2253 258 2296 σοι
284 2229 304 2319 ἡ
334 2235 482 2316 βασιλεία
511 2253 587 2318 μοο,
623 2229 665 2305 ὡς
694 2231 733 2298 ἂν
760 2233 907 2320 μηδύλως
937 2231 1090 2318 ἒξελύσης
1119 2230 1180 2298 αιτύ
1208 2243 1267 2298 τῶν

43 2359 173 2439 ττημύτων
200 2363 258 2442 τῆς
294 2358 441 2442 τοιαύτης
465 2366 563 2443 μονῆς
585 2359 798 2442 κονταροίτοος
825 2354 845 2444 η
875 2358 1068 2442 ζτοηαμοίξια
1091 2355 1111 2444 ἢ
1136 2355 1216 2420 ἄλλο
1239 2379 1269 2420 τι

44 2478 66 2540 τύ
80 2481 174 2564 τοχόν,
201 2481 319 2553 καθὼς
341 2489 439 2553 ποιεῖς
463 2477 512 2544 ἐπί
535 2491 574 2566 τη
598 2479 691 2566 λοιπη
718 2481 822 2566 χώρα,
851 2477 903 2568 ἀρ’
926 2477 966 2568 ἧς
991 2478 1132 2568 ὡρίσθης
1156 2479 1267 2555 ἐξελοί-

44 2621 79 2664 οοι
94 2605 309 2688 κονταροίτοος,
334 2599 405 2668 ἀλλ’
429 2599 555 2688 ἀπύχης
578 2603 684 2668 τύλεον
709 2599 741 2678 ἐξ
765 2599 862 2689 αὐτῆς
884 2607 940 2668 καί
964 2613 1024 2670 τῶν
1047 2605 1164 2690 ταύτης
1186 2625 1268 2692 κτη-

16 2747 17 2778 ι
44 2726 126 2803 μάτων.
153 2722 318 2811 ηύδύκησε
351 2729 413 2810 γὰρ
442 2721 525 2790 οὕτω
551 2728 591 2790 τὰ
617 2729 687 2813 περί
720 2727 832 2790 τούτου
858 2721 877 2812 ἡ
907 2727 1055 2810 βασιλεία
1083 2749 1153 2812 μοο.
1183 2725 1268 2792 ἀλλὰ

16 2861 17 2932 j
43 2851 139 2933 τοίηοον
162 2847 406 2936 ἀπροφασίστως
428 2851 513 2912 κατὰ
537 2851 588 2914 τύν
611 2851 752 2934 παρύντα
775 2857 830 2934 της
854 2850 1018 2934 βασιλείας
1043 2871 1102 2936 μοο
1126 2845 1265 2935 ύρισμύν,

44 2968 64 3029 ὃν
80 2977 124 3036 καί
144 2971 349 3058 ἀντίστρεψον
371 2971 415 3058 τῴ
436 2975 524 3059 μύρει
547 2981 603 3058 της
626 2971 831 3057 δηλωθείσης
855 2981 953 3057 μονης
977 2971 1021 3046 τίς
1042 2971 1219 3060 ἀσροίλειαν
1235 2975 1265 3054 β.

16 3139 17 3196 ι
102 3108 1266 3199 ΙύῒΕἶχετό·μηνὶνοτμβρίιμίνδ.ια’δι’ἐροθρῶν

16 3235 17 3264 ³
44 3239 288 3322 γραμμάτων
311 3245 389 3322 τῆς
412 3235 669 3321 βασιλικῆς
690 3239 769 3300 καί
790 3237 929 3310 θείας
951 3239 1113 3322 χειρύς
1136 3239 1165 3316 †.

102 3797 370 3887 Il.†‘'Etepov
391 3804 671 3888 πρόσταγμα,
697 3803 994 3878 ὲξκσοσσεύον
1018 3805 1117 3878 τούς
1140 3802 1266 3871 πλωΐ-

43 3936 120 3996 μοος
144 3936 223 4000 τιον
252 3929 498 4011 κτημάτων
527 3935 604 4011 τῆς
632 3935 789 4012 μονῆς,
814 3925 868 4001 ὡς
890 3931 968 3992 καί
990 3931 1263 4014 πρύτερονῒ.

102 4063 346 4149 ίΠανσὲβαστε,
372 4068 507 4150 σεβαστὲ
531 4075 591 4151 κύρ
620 4065 759 4132 Ἰσατίκιε
783 4067 929 4154 Λεβούνη
953 4067 1010 4133 καὶ
1033 4063 1119 4153 ὑμεῖς
1143 4067 1172 4134 οἱ
1192 4089 1265 4133 ποι·

45 4189 119 4258 ούντις
143 4189 194 4274 την
223 4187 366 4263 ἐξέλασιν
394 4199 454 4253 των
483 4187 630 4276 ττλωΐμων
658 4188 689 4255 ὲν
718 4189 761 4276 tq]
789 4197 1003 4277 κατεπανικίιρ
1027 4201 1082 4277 τῆς
1110 4191 1264 4279 Σμύρνης.

45 4299 212 4399 τιὲμαύενὴ
244 4313 391 4396 βασιλεία
417 4333 490 4398 μοο,
516 4310 562 4377 ὅτι
592 4311 733 4398 ἑθηκατε
759 4313 803 4387 τίς
831 4317 867 4378 τύ
895 4317 1010 4400 χωρίον
1038 4319 1076 4378 τὰ
1105 4313 1201 4402 Μηλα
1228 4317 1263 4380 τύ

45 4419 83 4492 ὅεύ
104 4435 151 4518 την
176 4437 354 4520 σεβασμίαν
383 4437 481 4522 μονην
508 4445 563 4522 της
593 4437 757 4520 βασιλείας
785 4459 844 4522 μου
872 4446 932 4500 των
961 4435 1095 4523 Λέμβων
1122 4439 1263 4523 ττλύϊμον

45 4543 82 4612 ύντ
101 4549 198 4640 ἥμισο,
226 4561 282 4622 καί
307 4555 361 4622 ἐὰν
385 4553 483 4632 ούτως
508 4557 582 4646 ἔχη,
607 4553 666 4625 ούκ
690 4557 859 4646 ἐποιήσατε
887 4567 979 4624 τούτο
1007 4559 1117 4643 καλὸν,
1142 4563 1177 4627 τὸ
1201 4565 1262 4649 γὰρ

46 4683 149 4742 τοιοῦτον
174 4687 292 4766 χωρίον
315 4685 376 4766 τρύ
404 4685 528 4768 χρύνων
557 4680 740 4770 ἐδωρήσατο
765 4693 803 4768 τη
829 4694 921 4770 μονῇ,
942 4687 998 4750 καί
1026 4685 1137 4751 ἔκτοτε
1165 4689 1263 4774 μίχρι
