3168 5274
59 407 129 472 τέτοί
155 407 185 472 οἱ
214 407 467 494 Κλεισουριῦται
491 414 525 476 τὸ
549 413 681 476 σῦνολον
706 410 854 478 ἐντεῦθεν
883 415 1166 499 διασεισῦήσονται
1195 414 1238 488 εἰς
1267 418 1306 478 τα

56 535 132 596 λοιπὰ
160 536 201 596 τὰ
231 540 515 621 συμπαρακείμενα
541 537 641 620 τούτῳ
669 534 711 621 τῖρ
733 539 817 622 τὸπιρ
841 539 896 602 καὶ
922 536 1032 610 ἐδικιῦς
1060 532 1164 611 αυτοῖς
1195 537 1306 626 διαφέ-

56 677 139 740 ροντα,
164 653 214 720 ὅτι
242 655 316 722 οὐδέ
344 662 451 744 χώραν
481 658 609 744 ἔχουσιν
635 657 696 725 ἀπὸ
724 670 779 726 τοῦ
803 669 855 724 νῦν
884 659 914 725 οἱ
937 659 1102 746 Σαμψηνοί
1130 659 1305 726 ἀνακαλεῖ-

56 785 118 844 τδαί
140 805 167 844 τι
193 780 257 845 ἀπὸ
283 792 342 846 τῶν
367 791 419 848 τοῦ
443 783 682 870 Ἀλεξανδρείου
711 785 843 850 δικαίων
867 787 922 850 καί
945 795 1005 850 τῶν
1029 783 1071 850 ὧν
1096 784 1125 849 οί
1148 784 1306 851 Κλεισυο-

56 916 146 990 ριῦται
169 903 336 992 ἐχομένως
360 903 461 972 αῦτῦν
486 911 633 993 νέμονται
657 909 782 974 οίκείων
797 909 940 974 δικαίων.
965 907 1015 974 ἐπί
1038 884 1137 994 τοῦτιμ
1161 913 1223 994 γὰρ
1248 908 1304 974 ἐκ-

56 1032 159 1093 τίθεται
182 1037 262 1114 παρ’
286 1028 374 1118 ἡμῶν
402 1031 460 1098 καὶ
482 1029 501 1120 ἡ
526 1042 672 1118 παροῦσα
695 1033 906 1119 διαγνωστικὴ
931 1035 1054 1119 πρᾶξις,
1078 1037 1134 1098 καί
1161 1031 1304 1122 ἐπεδόθη

20 1241 21 1246 ¹
55 1153 84 1236 τρ
105 1157 189 1238 μέρει
218 1163 278 1240 τῆς
307 1166 404 1243 μονῆς
439 1156 484 1232 είς
523 1157 686 1254 δικαίωσιν
723 1161 796 1243 μηνί
824 1160 880 1222 καὶ
913 1155 971 1221 ίνδ.
1006 1169 1070 1230 τοῖς
1099 1178 1303 1246 προγεγραμ-

20 1265 22 1376 J
56 1281 139 1360 μένοις
162 1281 193 1356 †.

122 1415 205 1497 †‘0
235 1419 405 1493 δοῦλος
433 1428 510 1484 τοῦ
545 1430 777 1506 κραταιοῦ
804 1427 882 1486 καί
917 1419 1053 1502 ἁγίου
1082 1417 1202 1508 ἡμῶν
1232 1417 1303 1486 αό-

19 1488 206 1616 λίέντου
243 1547 323 1608 καί
351 1545 584 1627 βασιλέως
620 1545 854 1627 σεβαστός
882 1549 960 1610 καί
995 1549 1139 1630 μέγας
1174 1546 1304 1624 λογο-

54 1667 176 1752 θέτης
203 1664 221 1732 ὁ
249 1665 724 1753 Στρατηγδπουλοςγ.

121 1823 205 1904 †‘0
237 1826 407 1900 δοῦλος
436 1836 512 1891 τοῦ
547 1835 779 1912 κραταιοῦ
814 1832 891 1892 καί
920 1825 1057 1906 ἁγίου
1084 1823 1205 1913 ἡμων
1235 1825 1304 1891 αδ-

53 1947 1152 2036 δέντοοκαίβασιλέωςἈλέξιοςδΚαρτερδςΤ.

120 2071 207 2154 †‘0
232 2073 408 2146 ,δοῦλος
441 2083 519 2138 τοῦ
547 2083 779 2158 κραταιοῦ
809 2077 884 2138 καί
914 2071 1051 2153 ἁγίου
1078 2071 1199 2160 ἡμῶν
1231 2070 1302 2137 aa·

52 2195 1135 2283 ίέντουκαίβασιλέωςἸωιίννηςὁἌγγελοςγ.

119 2339 197 2426 Εἶχε
224 2313 261 2402 δέ
286 2342 342 2402 καί
369 2340 424 2403 δύο
454 2339 591 2422 βούλλας
615 2339 820 2424 μολυβδίνας,
846 2335 887 2404 ὧν
909 2336 930 2426 ἡ
955 2343 1011 2424 μέν
1036 2343 1092 2425 μία
1116 2338 1199 2426 εἶχεν
1224 2337 1300 2403 ἐκα-
1342 2333 1345 2344 ’

53 2467 168 2547 πέραθεν
198 2467 408 2549 γεγραμμένα
442 2463 528 2528 τάδε·
558 2469 693 2552 σρροιγίς
727 2469 870 2548 κυροῦσα
904 2467 961 2536 τὰς
995 2467 1120 2552 γραρὰς
1154 2461 1301 2528 Ἰωάννου

53 2587 320 2676 Στρατηγοποῦλου
356 2589 512 2672 σεβαστοῦ
547 2589 601 2673 τήν
632 2586 732 2663 ἀξίαν·
765 2583 786 2674 ἡ
818 2587 853 2650 δέ
882 2583 974 2672 ἐτέροι
1002 2585 1158 2674 ἐγγραφὲν
1192 2583 1300 2661 οδτως·

53 2711 174 2788 ’λλιξίοο
200 2714 389 2800 σφράγισμα
412 2709 672 2796 Καρτερωνῦμου.

291 2976 329 3043 II.
346 2975 575 3058 6731-1222,
593 2994 700 3040 mense
715 2973 895 3062 septembri,
912 2973 977 3041 ind.
994 2973 1046 3040 XI.

52 3141 215 3200 Ροίτίαναλα
245 3143 369 3198 Μαπυεί
399 3142 426 3201 Ι.
460 3139 663 3213 mammem
690 3141 790 3196 abbati
815 3141 984 3196 monasterii
1017 3140 1047 3197 S.
1081 3139 1174 3194 Pauli
1200 3138 1299 3192 arohi-

16 3215 18 3272 ἐ
86 3287 255 3357 mandritae,
273 3285 387 3340 εασνεδι·
402 3295 429 3340 ιε
443 3285 611 3356 inspectoris
625 3284 773 3338 variorum
788 3283 1022 3338 monasteriorum
1037 3279 1127 3353 desert
1141 3297 1253 3336 οιακαε.

16 3365 17 3398 ί

16 3449 18 3488 ι

52 3601 262 3685 τριάρχου
297 3591 545 3682 ὑπόμνημα
578 3594 1057 3679 προσαναττδεμένον
1083 3593 1199 3654 τότε
1236 3595 1300 3655 σέ-

53 3740 187 3800 μνωμα
232 3728 309 3784 τοῦ
349 3711 792 3806 ἀρχιρανδριτάτου
830 3715 909 3782 καὶ
951 3725 1029 3803 τῆς
1073 3712 1299 3799 ἐξαρχίας

53 3847 140 3926 τρδς
167 3847 247 3932 τήν
276 3845 417 3930 μονὴν
453 3851 530 3906 τοῦ
558 3839 709 3920 Ἀγίου
737 3839 924 3906 Παύλου
951 3839 1029 3926 τὴν
1058 3835 1100 3902 ἐν
1128 3835 1181 3921 tq}
1215 3833 1298 3902 Λά-

53 3969 729 4053 ιρρ,καθοίπερκαίπρότερον.

121 4127 198 4214 Εἶχε
224 4132 280 4214 μέν
305 4127 444 4192 ἔκπαλαι
467 4123 487 4214 ἡ
513 4123 544 4189 ἐν
570 4126 613 4211 τῷ
635 4121 702 4211 ὄρει
725 4132 780 4190 τοῦ
795 4122 941 4210 Λοίτρους
965 4124 1125 4209 σεβασμία
1148 4141 1299 4206 πατριαρ-

53 4253 112 4336 γιιιϊγ
138 4252 218 4338 μονὴ
247 4259 302 4314 τοῦ
331 4249 363 4316 ἐν
392 4248 548 4337 ἀσκηταῖς
575 4249 763 4334 περικλυτοῦ
791 4244 900 4329 Ἀγίου
928 4245 1059 4312 Παῦλου
1087 4248 1123 4308 τὸ
1147 4248 1299 4330 σέμνωμα

52 4380 92 4434 τοῦ
116 4371 403 4462 ἀρχιμανδριτοίτου
430 4384 489 4439 τῶν
519 4371 552 4440 ἐν
581 4383 644 4446 τοῖς
673 4370 776 4438 ἐκεῖσε
804 4372 920 4435 λοιπῦν
944 4366 1061 4454 ὁμοίων
1089 4377 1191 4454 μονῶν
1216 4363 1298 4430 ἀπο·

53 4504 212 4582 νεμομένων
240 4499 328 4586 οἶμαι
363 4501 462 4584 ταύτῃ
490 4494 553 4584 οὐχ
581 4493 662 4562 οὕτω
697 4497 738 4560 δι’
767 4495 851 4560 ἄλλα
877 4494 1151 4580 πλεονεκτήματα,
1187 4486 1220 4553 ἐν
1251 4483 1298 4560 οἷς

55 4615 164 4688 ἁπασῶν
193 4625 321 4690 ἐκείνων
356 4619 531 4707 υπερτερεῐ,
567 4617 642 4686 δσον
670 4621 725 4686 διὰ
753 4621 788 4683 τὸ
822 4627 878 4704 τῆς
914 4615 1029 4702 ἀρετῆς
1057 4625 1115 4680 τῦν
1144 4613 1297 4680 ἐναδικῦν

16 3489 17 3554 ἶ
118 3467 1299 3559 Μονουήλτοῦάγιωτοίτουκαίοέκουμενικοῦπα-
1431 3531 1434 3542 ,
