3190 5284
1270 249 1330 312 113

79 435 146 510 ὲνιύς
167 443 220 501 τού
243 442 413 526 χωραρίου
436 447 489 504 τού
512 437 668 526 Πετρίτίη
693 437 776 506 ὅσων
792 445 849 504 καί
873 437 947 506 οἵων
971 437 1069 505 ὅντων
1094 439 1151 506 καὶ
1174 451 1233 506 τῶν
1257 441 1327 508 ἐτί-

77 583 122 645 ριιν
145 563 301 646 τεσσάρων
331 561 433 648 δρυῶν
461 573 521 627 τῶν
549 559 636 638 ἐντὸς
664 572 719 628 τού
747 567 913 652 χωραρίυυ
942 571 997 628 τού
1025 563 1134 650 Βρανά
1163 567 1243 650 μετὰ
1271 569 1327 630 καί

77 691 117 746 τού
141 679 326 769 ἀρδευτικοῶ
362 681 466 750 αὐτῶν
494 681 610 758 ύδατος
637 687 869 774 πλησιάζοντος
898 697 953 754 τού
988 689 1146 752 τοιούτου·
1162 691 1327 776 χωραρίου

78 805 124 871 ἀπὸ
152 811 265 894 μάρους
299 813 407 874 νοτίου
443 812 478 874 τύ
512 813 677 898 χωράριον
711 821 767 876 τού
791 811 955 898 Πετρίτίη.
986 809 1136 885 ὡσαύτως
1172 809 1328 898 ἐπαρίημι

78 931 186 1015 πλησίον
213 939 273 994 τῶν
303 928 438 998 δικαίων
473 943 527 998 τού
553 931 645 1014 ἀγίου
674 933 846 1018 Ιέωργίου,
883 931 981 1020 ἤγουν
1006 933 1068 1000 ἀπδ
1104 943 1159 1022 της
1189 934 1329 1021 στηλλης

78 1063 118 1140 ιης
135 1061 226 1140 μονῆς
243 1063 302 1120 τού
325 1053 455 1134 Στύλου,
479 1060 535 1122 καί
552 1053 665 1136 ὑπάγει
687 1059 764 1143 πρὸς
780 1060 882 1122 νύτιον
899 1054 1006 1142 μέρος,
1031 1054 1106 1140 ὅπερ
1130 1061 1186 1122 καί
1211 1055 1327 1144 ἐστηλ-

77 1177 147 1264 λύθη
177 1181 264 1262 παρὰ
293 1188 356 1243 τῶν
391 1181 542 1244 κάτωθεν
577 1181 741 1266 μαρτύρων
776 1185 848 1245 κατ’
878 1177 1012 1266 ίούτητα
1046 1184 1102 1245 καί
1137 1179 1328 1266 ἀκοομβίίει

78 1305 150 1386 μίχρι
178 1305 234 1365 καί
268 1309 333 1365 τῶν
372 1307 529 1368 κοκκίνων
563 1313 713 1388 κρημνῶν
747 1305 804 1368 καί
833 1304 1006 1389 περικλείει
1041 1303 1165 1369 ἔσωθεν
1205 1305 1327 1383 τούτου,

77 1420 114 1486 οίι
132 1429 182 1488 καί
204 1420 268 1489 ὃσα
293 1423 356 1490 εἰσί
379 1426 504 1512 δένδρα,
527 1423 579 1491 ἵνα
603 1427 639 1490 δὲ
663 1431 796 1512 νέμηται
818 1421 839 1513 ἡ
864 1428 994 1512 τοιαύτη
1020 1427 1098 1513 μονη
1123 1431 1179 1492 καί
1204 1427 1248 1502 είς
1271 1427 1326 1514 τὴν

76 1548 162 1634 λίμνην
184 1544 262 1633 ὑπὲρ
288 1545 469 1635 ἀρδεύοεως
485 1559 546 1615 τῶν
571 1554 657 1624 ῑῶων
681 1546 791 1638 αύτης·
807 1551 842 1615 τὸ
867 1551 902 1614 δὲ
920 1553 1093 1638 χωράριον,
1119 1548 1164 1622 είς
1186 1547 1325 1616 δῗοταν-

76 1691 114 1734 τοι
136 1669 162 1736 οἱ
186 1672 296 1756 δρύες,
326 1673 394 1738 ἐστὶ
418 1681 471 1738 τού
499 1671 623 1759 Βρανά,
651 1675 707 1738 καί
730 1672 796 1738 ἀντ’
822 1669 918 1738 αύτού
943 1671 1089 1758 ἐπαράτω
1114 1670 1130 1738 ὁ
1154 1669 1325 1760 Κομνηνύς

30 1829 32 1842 ·
76 1794 100 1857 τύ
122 1789 268 1881 ἡμέτερον
301 1793 481 1882 ἀντίμοιρον
513 1799 548 1862 τύ
575 1797 710 1884 πλησίον
739 1794 846 1862 αὐτού.
883 1793 1037 1883 ἐπαρίημι
1064 1803 1163 1860 ταῦτα
1192 1792 1237 1868 είς
1271 1796 1327 1882 την

77 1919 227 2004 οεβασμίαν
247 1921 309 1984 καί
333 1918 427 1998 ἁγίαν
451 1919 620 2006 βασιλικὴν
646 1920 754 2007 μονὴν,
779 1918 862 1993 ὅπως
887 1917 949 2005 ἔχη
967 1919 1082 2004 ταύτην
1105 1922 1162 1982 καί
1179 1922 1325 2006 νέμηται,

77 2043 116 2104 ντί
133 2042 183 2128 τὴν
206 2040 239 2118 ἐξ
264 2036 367 2129 αύτῆς
394 2053 499 2108 πάσαν
524 2047 579 2108 καί
601 2039 754 2108 παντοίαν
779 2041 977 2131 ἀπορίρηται
1003 2041 1160 2127 πρόσοδον
1185 2039 1230 2114 είς
1256 2041 1326 2116 τούς

77 2160 128 2248 ἐξης
147 2163 290 2240 ἅπαντας
315 2169 371 2231 καί
394 2167 549 2253 διηνεκεῖς
572 2170 716 2253 χρόνους.
742 2163 828 2240 ὅστις
853 2173 927 2244 γοῦν
954 2175 1013 2230 τῶν
1034 2174 1213 2250 πρυογενῶν
1236 2161 1325 2252 ἡμῶν

77 2284 90 2370 ᾗ
111 2285 274 2376 ἀλλοτρίων
301 2289 450 2378 βουληθῇ
480 2287 653 2376 ἀνατρέψαι
676 2288 696 2376 ἧ
722 2287 883 2376 ἀθετῆσαι
909 2292 949 2354 τά
971 2289 1081 2361 καλῶς
1105 2294 1161 2354 καί
1184 2298 1325 2378 φανερῶς

75 2405 127 2494 ἡμίν
146 2411 391 2499 διατεταγμένα,
416 2409 451 2476 ού
477 2415 572 2498 μύνον
596 2409 632 2476 ού
657 2414 699 2500 μή
725 2411 942 2489 εἰσακούεται,
974 2411 1023 2500 ἐρ’
1047 2409 1093 2484 οἷς
1118 2409 1156 2476 ἀν
1181 2411 1244 2499 ἔχη
1270 2409 1323 2476 εύ-

30 2585 31 2622 ,
76 2537 184 2620 ρεθηναι
216 2538 340 2616 λέγειν,
372 2536 443 2602 ἀλλ’
471 2535 534 2614 ἕξει
562 2541 618 2602 καί
646 2541 702 2612 τὰς
738 2535 818 2622 ἀρὰς
847 2547 907 2600 τῶν
943 2540 1131 2621 τριακοσίων
1155 2535 1324 2600 δεκαοκτιδ

75 2658 209 2744 θεορύρων
229 2665 377 2746 πατέρων
402 2671 461 2726 τῶν
486 2635 523 2724 ἐν
541 2657 672 2744 Νικαία,
697 2663 753 2725 καί
780 2655 800 2746 ἡ
826 2663 913 2746 μερίς
937 2655 1034 2724 αύτού
1060 2663 1141 2744 μετὰ
1165 2669 1220 2725 τού
1242 2680 1322 2745 προ-

75 2779 144 2845 δύτιυ
166 2781 282 2863 Ἰούδα,
313 2789 370 2848 καί
398 2785 497 2862 λύγου
525 2781 630 2872 ύρέξιι
659 2787 740 2870 μετά
764 2793 820 2870 της
850 2781 970 2855 ἀθλίας
999 2804 1059 2868 μου
1088 2787 1193 2869 ψυχῆς
1222 2779 1254 2846 ἐν
1279 2783 1322 2867 τῷ

75 2905 171 2992 ροβερῖμ
192 2909 317 2993 βήματι
341 2916 396 2972 τού
419 2904 529 2994 κυρίου
552 2911 608 2971 καί
634 2909 715 2972 θευύ
739 2911 796 2972 καί
820 2915 963 2993 σωτῆρος
991 2901 1080 2993 ἡμῶν
1108 2903 1213 2992 Ἰησού
1242 2903 1322 2989 Χρι-

77 3034 264 3117 οτ,ύ.μηνί
290 3029 690 3117 σεπτεμβρίῳίνδ.
717 3027 1071 3116 ι’ἔτους,ςψῑγ’γ.

122 3197 486 3308 ΣίγνονΙΚωνοταντίνου
533 3193 903 3296 ΣίγνονίΚωνσταντίνοο
987 3193 1276 3298 ΣίγνονμΓεωργίου

76 3302 925 3429 WW
956 3339 1010 3394 τοῦ
1036 3319 1253 3426 Δρυμυγγάρη.

137 3505 1320 3594 γΘεύδωροςδΓορδάτυς,δκαίάνεψιύςτούΘρα-

77 3635 244 3714 ιηοίνοο
274 3629 524 3704 καίαύιύς
553 3641 792 3716 μαρτυρῶν
822 3628 1120 3714 ύπέγραψαγ.
1150 3627 1228 3709 †‘0
1258 3625 1321 3692 εύ-

77 3753 183 3838 τελής
216 3753 375 3840 ἱερεύς
410 3759 488 3818 καί
522 3755 728 3840 νομικὸς,
764 3753 1121 3824 Κωνοταντῖνος
1157 3751 1173 3815 δ
1203 3751 1320 3818 Ἀλύ-

78 3871 1242 3964 ξανδρος,μαρτυρῶνσύνπάσικαίγράψαςύπὲγραψ
1291 3879 1320 3956 †.

30 4009 31 4044 ἀ
140 4029 1322 4120 ’γὉπριμμικήριοςτῶνταβοολλαρίωντῆςάγιω-

81 4157 188 4243 τάπης
231 4159 569 4244 μητροπόλεως
614 4157 821 4244 Σμύρνης
859 4159 937 4222 καί
978 4153 1169 4242 ἐνορίας
1207 4151 1320 4220 Μαν-

30 4359 31 4368 2
81 4283 193 4359 τοίας,
227 4280 469 4353 Νικόλαος
498 4278 941 4366 δΦιλοκυνηγὲτης,
978 4281 1129 4363 παρὼν
1167 4277 1237 4343 ἐπί
1272 4290 1320 4366 τη

80 4408 258 4491 εαρούση
297 4406 509 4490 διαθήκη
545 4409 623 4468 καί
659 4401 797 4475 αύτύς
834 4413 1073 4490 μαρτυρῶν
1109 4407 1186 4466 καί
1216 4407 1318 4486 γρά·

30 4563 31 4614 ι
82 4523 366 4613 ίιεὺπὲιυαύ
423 4531 450 4606 †·

1108 4742 1123 4790 8
