3228 5296
264 299 305 364 38

264 493 407 575 μὐσιακὰ
432 493 610 577 ζητήματα,
644 487 659 555 ό
685 491 720 554 δύ
744 511 779 570 γε
808 491 1055 576 καθηγούμενος
1080 488 1134 574 τὴς
1159 487 1337 572 σεβασμίας
1357 493 1456 570 μονῆς
1485 491 1549 568 τῆς

262 612 507 708 Λεμβιωτίσσης
536 624 683 700 πειρᾶται
708 611 875 701 ἐξοικῆσαι
904 608 987 700 ὑμᾶς
1015 611 1077 678 αἰπύ
1106 621 1175 676 τών·
1195 619 1329 690 γονικιύν
1354 603 1438 694 ύμών
1462 602 1549 674 ύπυ-

264 741 422 816 στάσεων,
450 734 504 802 ἵνα
535 740 656 824 ποιήσῃ
686 733 735 825 ἐφ’
765 733 835 824 ύμῖν
864 738 900 802 τύ
932 733 1144 823 ἀνενόχλητον
1170 738 1227 798 καί
1255 729 1291 798 ού
1316 733 1358 819 μὴ
1381 753 1547 817 παραχω-

264 865 356 948 ρήσει
384 863 427 947 τῷ
458 865 547 948 μόρει
573 869 629 948 τῆς
658 863 806 948 τοιαύτης
832 869 932 947 μονῆς
956 869 1156 946 μεταστῆσαι
1179 853 1260 944 ύμᾶς
1284 853 1347 922 αἰπύ
1371 865 1430 920 τών
1454 875 1549 935 γονι-

264 997 330 1052 κών
365 981 450 1072 όμών
489 981 704 1052 ύποστσίσεων.
744 987 799 1050 διὰ
827 989 888 1070 γὰρ
918 993 1011 1050 τούτο
1041 982 1182 1062 ἐγεγόνει
1209 977 1280 1068 ύμίν
1307 984 1365 1046 καί
1391 978 1547 1064 όπαρών

265 1119 321 1197 τῆς
346 1109 511 1194 βασιλείας
535 1131 596 1196 μου
613 1107 743 1196 όρισμύς
769 1107 815 1182 είς
839 1105 992 1194 ύμετόραν
1014 1105 1202 1195 ἀσφάλειαν.
1228 1104 1328 1191 εἶχε
1351 1105 1409 1168 τώ·
1432 1104 1548 1189 μηνί

264 1231 812 1320 ίυυλίιρίνύικτιύνοςη
839 1217 1125 1318 θ’ύλρυθρών
1152 1231 1546 1316 γραμμάτωντῆς

264 1357 524 1442 βασιλικῆς
554 1360 633 1422 καί
667 1359 807 1448 θείας
841 1359 1014 1442 χειρός.

263 1534 269 1540 .
353 1479 448 1548 Κατὰ
475 1489 551 1560 γούν
586 1481 642 1568 τὴν
676 1480 842 1566 περίληψιν
877 1489 936 1545 τών
972 1479 1121 1543 τοιούτων
1150 1479 1248 1541 θείων
1276 1480 1332 1542 καί
1364 1475 1544 1559 βασιλικῶν

263 1615 488 1692 προσκυνητών
519 1600 657 1689 ὁρισμῶν
685 1601 717 1670 ἐν
745 1603 788 1690 τῷ
814 1601 968 1692 εἰρημένῳ
997 1605 1095 1685 τοπίιρ
1117 1601 1368 1686 παριγενόμιθα
1392 1619 1544 1684 μετακα-

264 1729 438 1814 λεσάμενοι
470 1732 527 1794 καί
567 1725 628 1792 αἰπύ
666 1728 896 1816 πλησιοχώρων
927 1713 1009 1798 Ιτούς
1046 1726 1340 1812 δηλωθησομάνους
1379 1720 1542 1798 ἐποίκους,

264 1851 364 1940 ἤγουν
388 1851 450 1920 αἰπύ
474 1861 530 1938 τῆς
553 1850 685 1938 Ῥοόζης
713 1850 847 1938 Μιχαὴλ
874 1853 928 1914 τόν
956 1847 1174 1937 Τζυκσιπίτην,
1201 1847 1360 1933 Γεώργιον
1388 1847 1440 1912 τύν
1468 1841 1543 1910 Ζώ-

265 1998 325 2064 μον
348 1980 405 2042 καί
428 1976 593 2060 Θεόδωρον
617 1977 670 2040 τόν
693 1973 911 2061 Τζυκαπίτην·
944 1973 1005 2039 ἀπὸ
1030 1977 1149 2060 χωρίου
1172 1979 1229 2058 τῆς
1252 1969 1353 2056 Δρούς
1375 1967 1542 2036 Νικόλαον

266 2103 319 2166 τὸν
344 2099 543 2186 Μαρούν[ην]
573 2102 630 2164 καί
652 2093 801 2183 Ἰωάννην
825 2099 877 2162 τόν
901 2096 1056 2184 Πολίτην,
1080 2105 1228 2182 παρῆσαν
1256 2095 1292 2158 ύὲ
1315 2095 1372 2159 καὶ
1397 2089 1458 2158 ἀπό
1482 2101 1543 2180 τῆς

266 2229 419 2310 προνοίας
440 2231 494 2288 τού
519 2221 666 2308 Συργαρη
691 2218 759 2286 ὅτε
782 2219 946 2294 Νικόλαος
968 2219 1069 2306 ἱερεύς
1092 2217 1150 2285 καὶ
1173 2220 1313 2305 νομικός,
1336 2213 1542 2302 όΛαοόικη-
1601 2245 1602 2248 “

267 2351 336 2428 νύς,
365 2345 382 2412 ό
407 2346 551 2432 Τοξαρᾶς
579 2343 739 2432 Ἰωάννης,
769 2341 916 2431 Ἰωάννης
946 2341 962 2410 ό
990 2343 1158 2427 Καβαλάς,
1188 2341 1324 2429 Μιχαὴλ
1351 2337 1369 2406 ό
1398 2337 1465 2414 υἱύς
1484 2348 1544 2425 τῆς

268 2470 449 2548 Σαπωνούς,
485 2466 572 2545 ξένος
600 2467 617 2534 ό
645 2469 780 2542 Πωλὲας
809 2471 864 2534 καὶ
893 2467 1129 2542 Κωνσταντῖνος
1153 2465 1170 2534 ό
1193 2465 1365 2539 Κοσκινάς.
1395 2467 1452 2530 καί
1477 2461 1543 2532 ἀπὸ

267 2605 323 2682 τῆς
345 2599 497 2680 προνοίας
522 2603 576 2660 τού
599 2595 821 2676 πανσεβάστου
845 2593 1095 2678 προκαθημένου
1119 2599 1174 2656 τού
1196 2588 1343 2658 Ἀλωτού
1365 2587 1542 2654 Κώνσταν-

267 2729 349 2819 τίνος
377 2714 395 2784 ό
429 2715 578 2803 Ζωναρᾱς
606 2695 661 2782 καί
695 2713 842 2802 Ἰωάννης
872 2711 888 2780 ό
917 2714 1104 2801 Σμυρναῖος.
1140 2714 1251 2800 ύιηγον
1279 2715 1316 2778 δὲ
1345 2711 1420 2798 μεθ’
1449 2707 1542 2800 ἡμῶν

267 2841 285 2910 ό
310 2865 343 2910 τε
366 2843 587 2925 πανοὲβαστος
610 2840 834 2929 καστροφύλαξ
857 2837 1001 2926 Σμύρνης
1026 2847 1085 2924 κύρ
1108 2837 1333 2926 Θεορύλακτος
1355 2832 1374 2900 ό
1396 2833 1544 2920 Βραχιο-

267 2972 355 3054 νίτης
382 2969 439 3032 καί
467 2963 483 3031 ό
509 2967 638 3050 γνήσιος
666 2961 733 3037 υἱός
758 2971 812 3028 τού
840 2967 1075 3049 πανιερωτάτυυ
1099 2965 1155 3026 καὶ
1177 2965 1410 3046 πανυπερτίμου
1435 2957 1542 3044 Σμύρ-

268 3111 324 3176 νης
347 3099 406 3177 κύρ
428 3083 698 3162 Κωνστσιντῐνοςό
723 3087 930 3174 Καλοκτόνης
954 3083 1045 3152 καίό
1067 3086 1335 3169 πανεντιμότατος
1358 3086 1415 3148 καί
1439 3087 1543 3168 μίγας

268 3211 438 3299 οἰκονόμος
466 3223 521 3298 τῆς
555 3209 736 3298 ἁγιωτάτης
765 3211 991 3298 μητροπόλεως
1019 3209 1164 3296 Σμύρνης
1189 3206 1352 3282 Νικόλαος
1381 3204 1398 3272 ό
1426 3203 1542 3272 Καλο-

269 3347 410 3422 οιναρᾱς.
440 3340 497 3400 καί
524 3334 652 3400 ἐνώπιον
676 3346 736 3400 τών
765 3333 1054 3422 ἀναγεγραμμένων
1082 3329 1312 3412 ύπαναγνόνττς
1336 3329 1408 3403 τούς
1432 3332 1542 3394 ταιού-

270 3481 341 3532 τους
357 3461 468 3531 θείους
484 3463 540 3522 καί
561 3459 747 3542 βασιλικούς
768 3457 1005 3544 προσκυνητούς
1029 3454 1179 3542 όριομυύς
1203 3453 1355 3542 ἐρώτησιν
1380 3452 1541 3540 ἐθέμεθα,

270 3586 325 3648 καὶ
353 3579 474 3656 εύθὲως
501 3580 533 3646 οἱ
560 3581 622 3648 ἁπύ
652 3591 706 3668 της
734 3581 865 3670 Ῥούζης
893 3579 1057 3669 οἰκήτορες
1084 3585 1220 3666 καὶτῆς
1243 3579 1343 3666 Δρούς
1366 3575 1542 3666 ὁμοφώνως

270 3707 347 3792 πρὸς
375 3701 460 3791 ἡμᾶς
489 3702 622 3782 ἐξεῖπον,
647 3703 690 3780 ώς
715 3708 749 3769 τύ
775 3702 851 3770 αύτό
876 3709 983 3770 τόπιον
1007 3706 1042 3770 τό
1071 3701 1294 3790 ἐπιλεγόμενον
1318 3706 1358 3768 τὰ
1381 3701 1546 3790 Σρυύρνου

271 3825 308 3894 ού
337 3811 401 3901 τοῖς
428 3829 651 3914 δημοσιαρίυις
680 3826 887 3902 Μαντειανοῖς
914 3831 1080 3914 παροίκους
1107 3825 1127 3913 ἢ
1157 3823 1262 3900 αύτούς
1292 3837 1356 3900 τοίς
1388 3825 1546 3913 Πυταμη-

271 3963 336 4026 νοίς
360 3954 530 4034 γονικόθεν
552 3954 785 4037 πρυσηρμυσεν,
811 3949 895 4018 ἀλλὰ
918 3950 998 4018 καθ’
1021 3951 1055 4016 όν
1080 3953 1190 4038 καιρόν
1219 3953 1253 4016 τό
1278 3960 1334 4018 τού
1361 3949 1548 4036 Φιλάντρος

272 4076 395 4142 ἐκείνου
412 4073 573 4164 ιροσοάτον
597 4087 636 4161 τη
653 4071 741 4162 ἡμων
765 4079 857 4162 χώρα
871 4081 1082 4162 πτριεπάτησε
1106 4079 1162 4140 καί
1184 4071 1202 4140 ό
1224 4078 1439 4161 περιπόθητος
1463 4070 1549 4140 αύτ-

273 4201 412 4289 άόελρυς
451 4209 507 4264 τού
542 4199 576 4264 ἐν
614 4203 759 4285 μακαρία
787 4211 826 4286 τῇ
866 4199 954 4284 λήξει
988 4196 1135 4284 ἀοιδίμου
1171 4197 1327 4282 βασιλέως
1362 4195 1451 4286 ἡμῶν
1487 4209 1550 4268 τοῦ

271 4321 424 4410 Αάσκαρι
450 4332 509 4410 κύρ
538 4325 706 4408 Θεοδώρου
733 4321 750 4388 ό
780 4325 1044 4409 σεβαστοκρσίτωρ
1072 4332 1132 4407 κύρ
1161 4321 1319 4406 Γιώργιος
1348 4327 1405 4392 τὰς
1432 4325 1548 4406 χώρας

274 4445 400 4521 ἁπάσας
428 4456 483 4514 τού
512 4431 659 4533 θίματαξ
688 4457 747 4512 τών
776 4447 965 4532 Θρακηοίων
1001 4447 1131 4522 ἐξοικών
1159 4443 1217 4510 καὶ
1244 4445 1288 4520 τίς
1319 4444 1549 4533 όχυρωτάτυυς

274 4575 387 4645 τόπους
416 4583 573 4657 μετοικῶν
608 4575 690 4658 μετὰ
718 4581 778 4637 τών
806 4568 911 4636 ἄλλων
939 4575 995 4635 καὶ
1022 4567 1136 4646 αύτούς
1164 4569 1204 4655 δὴ
1233 4570 1304 4644 τούς
1331 4569 1549 4660 Ποταμηνούς

271 4694 312 4762 ἐκ
337 4705 395 4761 τών
420 4699 577 4780 πρυτόρυν
602 4688 836 4764 αύτώνοὶκιών
863 4697 1066 4777 μετανάστας
1093 4691 1266 4778 ἐποιήσατο
1290 4698 1346 4759 καὶ
1369 4695 1422 4760 τύν
1446 4687 1549 4759 αὐτὸν
