3190 5284
238 207 281 270 70

237 401 297 464 θεν
332 401 388 460 καὶ
426 401 496 459 κατ’
527 395 629 481 ἀρχὴν
666 406 719 458 τοῦ
749 400 902 480 παρόντος
932 391 1028 481 ύφους
1061 397 1113 456 τόν
1138 398 1240 477 τίμιον
1269 396 1325 455 καί
1358 392 1536 463 ξωοποιόν

240 522 374 604 σταυρόν
399 517 617 604 οίκειοχείρως
645 519 803 603 προτάξας
833 521 964 601 τίθεμαι
988 521 1043 580 καὶ
1069 526 1148 578 ποιῶ
1178 513 1344 590 ἑκουσίως,
1375 509 1538 575 αύτοθε-

240 645 317 718 λῦς,
347 641 554 724 ἀπανούργως
582 644 638 703 καί
666 637 724 703 ούκ
756 639 793 703 ἔκ
821 661 903 712 τινος
932 638 1076 726 ἀνάγκης
1105 637 1125 725 ἢ
1151 640 1222 721 βίας
1245 635 1265 723 ἢ
1290 637 1386 700 δόλου
1411 633 1433 720 ἢ
1463 639 1536 721 φό-

240 767 297 849 βου
321 763 340 850 ίγ
367 763 490 850 ἀπάτης
514 761 534 849 ἢ
558 765 677 848 χλεύης
701 761 721 849 ἣ
747 762 848 848 ἄλλης
877 765 958 835 τινός
984 761 1135 848 έπιψόγου
1159 765 1216 824 καί
1240 769 1296 845 τῆς
1321 769 1380 823 τῶν
1408 762 1535 842 νόμων

241 886 497 972 ἀποτρεπομένης
527 883 645 962 αίτίας,
683 883 767 948 ἀλλὰ
796 885 850 948 σύν
879 888 1043 970 προθυμία
1072 907 1132 969 μου
1159 887 1265 968 πάση,
1295 880 1447 968 ύλοφύχιρ
1485 891 1534 964 τῇ

237 1011 390 1095 προθέσει
418 1013 474 1072 καί
503 1013 765 1094 μεμεριμνημένιρ
795 1006 905 1092 σκοπῷ
936 1009 1014 1091 πρός
1042 1008 1097 1093 την
1127 1009 1306 1091 σεβασμίαν
1334 1009 1390 1068 καί
1420 1001 1536 1082 άγίαν

241 1133 411 1218 βασιλικὴν
440 1132 537 1216 μονὴν
568 1132 622 1216 την
652 1127 783 1194 οὑτωσὶν
813 1128 1068 1215 ἑπικεκλημένην
1099 1140 1157 1193 τῶν
1185 1127 1322 1213 Λέμβων
1350 1131 1407 1190 καὶ
1435 1129 1533 1211 πρὸς

241 1255 314 1326 τοὺς
339 1249 385 1318 ἐπ’
411 1249 492 1338 αὐτῇ
517 1252 734 1337 ἀσκουμένους
759 1253 932 1338 μοναχούς,
957 1256 1009 1314 τόν
1034 1275 1065 1314 τε
1096 1249 1127 1313 έν
1157 1261 1312 1336 μοναχοῐς
1339 1251 1535 1334 καθηγού-

241 1395 335 1462 μενον
358 1378 485 1461 ταύτης,
510 1385 569 1461 κῦρ
592 1375 758 1460 Κύριλλυν,
783 1379 837 1438 καί
863 1376 935 1446 τούς
966 1372 1015 1438 ὑπ’
1045 1370 1141 1440 αύτοῦ
1170 1373 1349 1459 μοναχούς,
1372 1371 1430 1436 καὶ
1456 1376 1536 1456 γὰρ

241 1499 311 1564 έπεί
332 1501 392 1584 πρό
416 1501 537 1584 χρόνων
562 1495 620 1561 υύκ
646 1496 760 1577 όλίγων
786 1498 930 1586 ἔφθασεν
955 1497 972 1561 ὁ
997 1499 1029 1561 έν
1059 1509 1097 1582 τῇ
1125 1495 1276 1579 Μανταίορ
1305 1497 1359 1581 τήν
1388 1495 1535 1581 οἴκησιν

242 1623 326 1707 έχων
355 1619 474 1696 ἐκεῖνος
508 1618 525 1686 δ
553 1622 607 1685 διὰ
643 1631 697 1684 τοῦ
726 1625 819 1685 θείου
847 1625 903 1683 καί
932 1618 1023 1700 άγίυυ
1053 1624 1222 1706 σχήματος
1257 1619 1538 1705 μετονομασθεὶς

240 1743 427 1830 Νικόδημος
458 1747 599 1830 μοναχός
635 1743 787 1808 ἐκδοῦναι
816 1744 849 1806 έν
885 1755 922 1829 τῇ
952 1745 1119 1826 τελευταία
1148 1739 1244 1807 αύτοῦ
1280 1739 1424 1826 άναπνυη
1455 1737 1532 1804 ύπό

240 1867 431 1954 διαθηκῴυυ
456 1863 552 1930 αὐτοῦ
577 1869 762 1951 γράμματος
788 1865 820 1929 έν
847 1865 889 1948 τῷ
913 1867 1030 1952 γονικῴ
1053 1861 1150 1930 αύτοῦ
1174 1861 1330 1951 εύκτηρίφ
1354 1868 1410 1928 καί
1434 1867 1535 1947 θείῳ

241 1989 319 2073 οἴκιρ
344 1993 386 2074 τῴ
412 1987 477 2054 ύντι
502 1989 533 2053 ἐν
558 2001 596 2075 τη
622 1993 712 2054 θέσει
735 1999 790 2074 τῆς
814 1989 980 2062 Μανταίας
1003 1994 1059 2054 καί
1087 1987 1175 2062 ἐντός
1205 1999 1265 2053 των
1294 1990 1427 2054 δικαίων
1458 1999 1535 2052 τῶν

242 2113 449 2196 καλουμένων
488 2111 651 2176 Πλανιτῦν
689 2117 744 2176 καί
783 2113 943 2198 έγχωρίως
978 2111 1244 2198 ἐπονομαζομένην
1281 2111 1354 2196 Νεῷ
1392 2119 1449 2174 τοῦ
1494 2111 1534 2174 ἐν

244 2234 346 2312 άγίυις
380 2237 499 2320 πατρός
536 2231 624 2320 ἡμῶν
664 2233 879 2320 ἀρχιεράρχυυ
917 2239 973 2299 καί
1012 2237 1260 2320 θαυματουργοῦ
1298 2233 1533 2318 Πυλυκάρπου

244 2357 359 2440 δένδρα
384 2355 499 2419 έλαϊκά
523 2359 575 2420 τόν
601 2353 740 2442 ἀριθμόν
765 2355 840 2420 ὡσεί
863 2359 993 2432 δεκαέξ,
1020 2355 1111 2421 ἅτινα
1135 2355 1211 2443 ύπέρ
1236 2367 1291 2422 τοῦ
1314 2367 1391 2421 ναοῦ
1416 2379 1532 2422 κατε-

244 2481 378 2567 φύτευσε
412 2482 506 2565 χάριν
534 2485 671 2565 ψυχικῆς
699 2478 796 2543 αὐτοῦ
825 2484 983 2565 σωτηρίας
1015 2477 1090 2565 ύπὲρ
1120 2485 1319 2566 φωταυγείας
1346 2485 1402 2545 καί
1430 2503 1532 2565 περι-

243 2604 402 2688 ποιήσεως
425 2610 480 2665 τυῦ
504 2603 707 2686 δηλωθέντος
735 2611 813 2665 ναοῦ
837 2606 893 2666 καί
918 2600 989 2665 ούτε
1013 2601 1045 2665 έν
1068 2614 1255 2688 πρακτικοῖς
1280 2617 1534 2688 στρατιωτικοῖς

243 2726 519 2808 πρακτικωθέντα,
545 2722 615 2787 ούτε
641 2727 701 2810 μην
726 2723 758 2788 έν
783 2737 821 2810 τῇ
846 2732 900 2788 τοῦ
924 2729 1216 2803 πανευγενεστάτου
1237 2725 1406 2812 Κυμνηνοῦ
1432 2725 1533 2792 ὲκεί-

244 2867 298 2909 νου
323 2856 377 2910 τοῦ
402 2845 561 2933 Πιγκέρνη
595 2845 766 2935 ἀπογραφῇ
795 2851 977 2944 τηρηθέντα
1000 2846 1020 2934 ἢ
1045 2849 1271 2932 παραδοθέντα
1296 2849 1329 2913 ἕν
1354 2869 1412 2912 τινι
1435 2871 1531 2934 προι-

243 2968 346 3052 κτικιρ
374 2969 587 3055 στρατιωτικῷ
618 2969 638 3056 ἢ
667 2975 722 3034 καὶ
751 2971 951 3056 δημοσιακιρ,
977 2968 1047 3034 ἀλλ’
1073 2969 1169 3036 ἄνετα
1194 2973 1229 3036 τό
1253 2973 1400 3036 καθόλου
1432 2970 1526 3060 ἀφε-

245 3093 346 3156 θέντα
369 3096 424 3157 καὶ
449 3090 637 3178 ἁπαράδοτα
660 3091 703 3165 ὡς
718 3091 989 3179 προσκυρωθέντα
1014 3092 1056 3179 τῷ
1080 3090 1159 3178 άγίιρ
1184 3093 1250 3180 ναῷ
1274 3103 1329 3159 τοῦ
1354 3091 1386 3158 ἐν
1411 3093 1527 3175 ἁγίοις

245 3211 460 3279 ίσαποστύλυυ
495 3215 721 3300 Πυλυκάρπυυ,
757 3218 933 3301 καθώσπερ
963 3221 1018 3280 καί
1040 3212 1061 3302 ἡ
1085 3225 1139 3280 τοῦ
1169 3214 1359 3303 Νικοδήμου
1391 3217 1525 3283 ίκείνου

249 3345 393 3421 μυναχοῦ
428 3335 715 3424 ἐμπεριειλημμένη
744 3339 883 3414 διάταξις
917 3349 1089 3424 προσκυρυῖ
1122 3348 1222 3404 ταῦτα
1257 3339 1299 3427 τῷ
1332 3341 1399 3426 ναῷ
1425 3339 1526 3426 ἀραῖς

247 3457 421 3544 φρικώδεσι
449 3469 508 3522 τῶν
532 3462 698 3547 θευφύρων
718 3467 859 3545 πατέρων
883 3463 1068 3548 περιέφραξε
1088 3465 1145 3526 καί
1169 3459 1290 3547 ἑτέραις
1305 3464 1528 3552 δυσφορητοις

247 3581 390 3666 γύφωθεν
428 3585 691 3669 περιετάφρευσεν
731 3587 815 3646 κατὰ
854 3593 908 3648 τοῦ
948 3586 1234 3671 ἐπιχειρηααμένου
1277 3587 1443 3672 διαρρῆξαι
1483 3591 1526 3653 τό

246 3699 370 3768 ἐκείνου
392 3708 591 3790 μνημόσυνον
615 3707 672 3768 καί
696 3709 734 3769 τὰ
752 3707 868 3771 έλαίκὰ
884 3707 1007 3792 δένδραΥ
1021 3707 1208 3773 ἀποσπάσαι
1231 3717 1286 3773 τοῦ
1310 3710 1402 3773 θείου
1426 3720 1523 3788 ναοῦ,

246 3829 302 3890 καί
325 3829 460 3899 καθέξει
481 3829 597 3899 ταύτας
622 3825 658 3891 έκ
682 3838 823 3915 κορυφῆς
850 3833 907 3892 καί
931 3835 1025 3915 μέχρι
1048 3831 1215 3916 τελμάτων
1238 3833 1352 3912 ποδῶν,
1378 3831 1396 3897 δ
1420 3835 1454 3896 δέ
1482 3855 1525 3912 γε

248 3945 414 4034 εύκτήριυς
439 3945 529 4022 ούτος
553 3954 608 4012 καὶ
633 3953 722 4023 θεῖος
746 3951 822 4021 ναός
847 3949 891 4022 είς
917 3963 1032 4016 πεῦσιν
1058 3953 1093 4016 ἐκ
1118 3965 1178 4017 τῦν
1209 3958 1326 4038 χρόνων
1356 3959 1524 4044 κατηντη-

249 4091 314 4134 σεν·
340 4069 409 4136 ίπεί
432 4071 468 4134 δέ
493 4071 554 4136 ἀπό
579 4081 633 4137 τοῦ
657 4076 773 4158 χρόνου
798 4077 836 4137 τὰ
860 4077 963 4138 πάντα
986 4085 1250 4162 καινοτομοῦνται
1278 4077 1335 4142 καὶ
1363 4081 1524 4163 τειρτύον-

250 4213 314 4268 ται,
344 4199 398 4256 καί
426 4191 443 4256 ύ
467 4203 609 4268 τοιοῦτος
638 4199 728 4268 θεῖος
752 4198 828 4267 ναός
851 4193 889 4259 ἐκ
911 4200 1119 4282 πρυσενέξεως
1145 4209 1205 4264 τῶν
1230 4197 1393 4266 Πλανιτῦν
1416 4225 1524 4288 προσ-

249 4314 332 4400 ῆλθε
366 4327 405 4400 τη
437 4321 603 4402 πανσέπτιρ
631 4323 687 4381 καὶ
718 4315 796 4400 άγίορ
824 4319 976 4405 βασιλικῇ
1012 4331 1093 4404 μονη
1121 4331 1180 4384 των
1208 4319 1359 4407 Λέμβων,
1396 4324 1431 4389 δν
1461 4332 1526 4392 καί

246 4431 411 4523 ἠθέλησεν
440 4437 645 4504 ἀνακαινίσαι
672 4444 727 4503 καὶ
755 4439 800 4512 είς
828 4443 976 4527 μετύχιυν
1006 4439 1165 4517 ἀναδεῖξαι
1195 4445 1228 4520 ἐξ
1257 4445 1383 4511 οίκείων
1412 4451 1524 4514 κόπων

248 4553 345 4644 ταύτης
368 4565 424 4623 καί
447 4557 598 4647 ὁρισμούς
622 4559 733 4633 θείους
756 4568 811 4626 καί
839 4565 1076 4648 προσκυνητούς
1101 4563 1177 4651 ύπέρ
1201 4563 1298 4634 αὐτοῦ
1324 4569 1524 4656 έπεβραβεύ-
