3140 5306
294 263 358 326 234

291 457 401 540 θησαν
424 462 537 531 ταῦτα,
571 455 820 542 παραδηλούμαι
843 453 905 521 ἀτό
941 465 997 543 τῆς
1032 458 1171 544 σῆμερον
1206 463 1271 530 τοῖς
1298 451 1468 542 ἡμετέροις
1498 453 1555 520 ἀν-

292 579 447 663 θρώποις,
476 574 519 650 ὡς
542 573 580 642 ἂν
603 578 646 664 μή
671 575 798 664 ύχλῆση
827 600 872 652 τις
900 579 955 664 τῆν
983 579 1130 664 τοιαύτην
1159 578 1257 664 μονῆν
1286 581 1378 664 χάριν
1402 589 1465 642 τῶν
1490 601 1555 643 τοι·

289 702 389 766 υύτιῖιν
415 703 597 788 χωραφίων,
632 699 693 765 κᾶν
718 699 770 765 οἷα
793 705 848 766 καί
876 697 937 766 ὅσα
965 701 1056 779 είσίν,
1093 698 1165 766 ἀλλ’
1201 701 1319 787 έχωσιν
1348 699 1378 766 οἱ
1413 705 1553 788 μοναχοί

289 833 388 890 ταῦτα
415 829 470 890 καί
497 827 666 910 νέμωνται,
694 827 808 898 καθὼς
842 829 899 890 καί
925 825 1183 912 ιτφοεξεδὸθησαν
1212 823 1255 910 τῷ
1281 827 1352 890 τότε
1387 827 1489 911 ταύση
1514 821 1551 887 δι’

286 945 442 1036 ἡμετέρας
458 953 597 1036 ψυχικῆς
620 953 787 1036 σωτηρίας,
811 947 869 1014 καὶ
892 944 927 1012 ού
953 952 1047 1034 μόνον
1072 947 1179 1022 ἁπλῶς
1203 946 1248 1021 τίς
1270 944 1424 1034 ἡμέτερον
1449 952 1550 1034 τρύσ-

286 1094 369 1137 ωιτον
396 1075 688 1158 σφοσεκυρωσύμην
716 1081 816 1136 ταῦτα
839 1083 877 1159 τῆ
905 1083 997 1158 μονῆ,
1023 1069 1107 1136 ἀλλὰ
1131 1075 1243 1158 μέχρις
1267 1069 1305 1135 ἂν
1332 1073 1368 1136 τύ
1390 1077 1550 1158 ττιφίηειον

285 1201 467 1262 συνίσταται
495 1193 551 1260 καὶ
579 1191 595 1259 ὁ
619 1191 708 1281 ἥλιος
732 1197 766 1260 τύ
790 1206 850 1260 οταν
875 1193 987 1284 έφορφ,
1013 1192 1182 1268 ἀκωλύτως
1205 1199 1261 1260 καί
1285 1192 1548 1271 ἀναιτοσταίστως,

284 1323 341 1384 καί
369 1316 471 1392 οὐδεὶς
495 1317 531 1383 ὲκ
555 1329 613 1384 τῶν
636 1315 795 1406 ἡμετέρων
830 1315 1022 1404 ἀνθρώπων,1
1048 1317 1109 1384 κᾶν
1133 1317 1200 1392 οίος
1224 1317 1286 1403 ἄρα
1308 1322 1365 1382 καί
1388 1318 1448 1398 ἔνι,
1474 1319 1547 1383 τολ-

285 1451 384 1529 μῆσαι
408 1440 517 1519 εἰπεῖν,
547 1442 633 1528 ἔχειν
657 1443 783 1506 δίκαιόν
804 1465 833 1506 τι
860 1440 904 1516 εἰς
927 1445 962 1507 τύ
986 1440 1175 1530 ἀνατρέψαι,
1200 1438 1276 1528 ὅπερ
1298 1447 1547 1528 κροσειιοφωσοί-

285 1587 346 1652 μην
371 1563 433 1644 έηιύ
455 1564 500 1639 είς
523 1567 578 1652 τῆν
602 1563 695 1645 ἁγίαν
720 1566 817 1652 μονὴν
840 1567 964 1651 ταύτην,
990 1563 1151 1654 ὀφείλουσι
1174 1565 1209 1630 δὲ
1239 1563 1359 1650 μάλλον
1387 1564 1420 1629 οἱ
1450 1587 1545 1652 μονα-

283 1691 338 1774 χοί
360 1693 509 1774 κατέχειν
532 1687 588 1754 καὶ
611 1693 767 1775 νέμεσθαι
790 1685 881 1766 αὐτὰ,
906 1692 1019 1764 καθώς
1043 1687 1103 1753 τίσι
1125 1692 1181 1754 καί
1202 1687 1461 1774 ὶδιοττιριύριστα,
1491 1693 1542 1753 καί

282 1809 325 1884 ὣς
349 1810 432 1887 ἅπαξ
455 1814 508 1878 διὰ
531 1821 586 1897 τῆς
609 1808 765 1900 ἡμετέρας
789 1821 913 1900 γραφῆς
937 1811 1163 1901 έπιφωνῆσασα
1186 1809 1305 1902 ὀφείλει
1328 1812 1402 1886 τούς
1426 1809 1542 1899 ἡμετέ-

185 2011 189 2019 ι
281 1959 353 2020 ρους
376 1940 549 2020 παροίκους
573 1937 644 2010 τούς
672 1935 717 2010 είς
739 1939 775 2000 τύ
797 1932 951 2022 ἡμέτερον
974 1947 1082 2022 κτῆμα
1105 1946 1164 2000 τῶν
1187 1934 1418 2020 Μουμμούντων
1447 1957 1540 2020 προσ-

280 2063 500 2146 καθημένους,
527 2057 580 2122 ἵνα
607 2060 780 2146 διατηροῦσι
807 2063 863 2148 aa}
884 2068 984 2123 ταῦτα
1006 2063 1061 2124 καὶ
1085 2059 1157 2133 τούς
1177 2059 1338 2144 μοναχούς
1363 2056 1540 2143 ἀντνοχλῆ-

278 2205 350 2255 τους
377 2195 416 2269 τῆ
445 2180 600 2270 έμφανείφ
633 2192 688 2246 του
723 2178 876 2269 ἡμετέρου
910 2182 1130 2263 σιηιλλιιύδοος
1163 2185 1361 2266 γράμματος.
1396 2180 1453 2246 διὰ
1482 2184 1539 2264 γὰρ

277 2314 369 2368 τοῦτο
398 2304 537 2386 ἐγεγόνει
564 2310 620 2371 καί
647 2309 683 2370 τό
710 2310 809 2391 ταμὸν
839 2311 970 2392 ηρσίμμα
998 2305 1042 2379 εἰς
1073 2303 1260 2394 ἀσφάλειαν.
1296 2303 1404 2392 μηνὶ
1440 2327 1536 2371 σεε·

279 2429 478 2515 τεμβρίιρ
500 2429 582 2496 ίνδ.
608 2433 660 2495 ια’
686 2435 716 2511 †.

238 2653 242 2659 Ι
363 2567 1120 2659 ῒίύὶρῆνηῆτανυττερσεβοίστηβ.

794 3003 805 3068 ί

357 3153 411 3218 ΙΙΙ.
440 3149 667 3242 ’ςἝτερον
695 3158 882 3240 γράμμα
909 3164 987 3242 τῆς
1015 3150 1155 3242 αὐτῆς
1181 3155 1526 3242 ιιανοτερσεβοί·

271 3299 377 3363 στης
397 3272 769 3363 χάριντῶναύτων
790 3282 1022 3364 χωραφίων
1043 3288 1119 3343 τῶν
1142 3277 1523 3364 είςτύνἈσοίνηνβ.

356 3417 486 3498 ’[Ἐιτεί
513 3417 643 3507 ἔφθασα
677 3421 732 3482 καὶ
760 3415 1005 3505 ἁτεχαμισοίμην
1040 3417 1072 3482 έν
1099 3431 1138 3505 τῆ
1173 3420 1333 3503 σεβασμίφ
1360 3431 1444 3505 μονῇ
1468 3428 1522 3481 των

268 3539 404 3626 Λέμβων
428 3551 486 3629 γῆν
508 3546 710 3629 χωραφιαίαν
734 3544 789 3628 τῆν
816 3547 872 3608 καὶ
896 3540 1034 3607 ἀπὸτοῦ
1061 3538 1214 3629 ἡμετέρου
1244 3539 1341 3606 ούσαν
1371 3543 1522 3627 ζευγηλα-

267 3668 352 3729 τείου
383 3673 438 3729 τού
466 3662 497 3730 έν
525 3664 568 3751 τῷ
593 3664 778 3751 Κοοκούλφ,
814 3671 871 3730 καί
896 3667 989 3730 πάλιν
1017 3667 1070 3730 διὰ
1096 3669 1321 3751 περισσοτέραν
1350 3664 1521 3753 ἀσφάλειαν

266 3791 323 3853 καί
351 3789 518 3872 βεβαίωσιν
546 3789 740 3875 έζητῆσαντο
769 3792 900 3875 γράμμα
927 3785 1079 3874 ἡμέτερον
1107 3788 1137 3853 σί
1165 3789 1197 3852 ἓν
1226 3785 1306 3876 αύτῇ
1334 3788 1520 3874 ἀσκούμενοι

265 3917 403 3998 μοναχοί
427 3911 470 3986 είς
494 3909 673 3999 ἀποτροπὴν
697 3923 784 3976 τινῶν
809 3913 1028 3998 βουληθέντων
1051 3919 1105 3976 τού
1129 3914 1280 3977 διασείειν
1303 3916 1359 3976 καί
1382 3909 1518 3998 ἐνοχλεῖν

265 4029 381 4111 αύτούς
408 4037 460 4102 διὰ
487 4037 542 4124 τῆν
571 4045 625 4102 τού
654 4035 819 4123 είρημὲνοο
853 4041 1018 4126 χωραφίου
1052 4045 1120 4125 γῆν,
1149 4045 1205 4122 τῆς
1232 4033 1389 4121 αἰτήσεως
1420 4031 1515 4100 αὐτῶν

264 4159 472 4226 ὲιτακούσασα
495 4157 658 4246 ἐπιδίδωμι
680 4161 773 4225 πάλιν
796 4162 916 4234 τούτοις
940 4159 1072 4245 γράμμα
1093 4157 1247 4247 ἡμέτερον
1271 4157 1317 4232 τίς
1341 4155 1515 4244 ἀποτροπὴν

263 4289 319 4348 καί
346 4283 511 4360 ἀτοθίωξιν
546 4295 605 4349 τῶν
632 4282 828 4369 πειρωμένων
857 4282 1031 4371 ἐνοχλῆσαι
1065 4279 1179 4358 αύτούς
1202 4281 1247 4356 τίς
1282 4283 1338 4369 τὴν
1372 4283 1513 4362 τοιαύτην

262 4417 337 4494 γῆν,
365 4405 404 4474 δι’
432 4405 469 4474 ού
496 4411 552 4473 καί
579 4408 760 4494 διορίζομαι
787 4406 830 4491 τῷ
858 4417 911 4472 νύν
940 4407 1117 4493 ἐνεμηούντι
1144 4405 1185 4492 τῴ
1215 4403 1359 4494 ἡμετέρῳ
1383 4409 1513 4492 κτήματι

181 4614 185 4624 ⁸
261 4537 300 4597 τὰ
330 4531 549 4619 Μούρμουντα,
583 4528 725 4618 ἡμετέρῳ
754 4529 911 4617 ἀνθρώπῳ
939 4532 1093 4618 Θεοδώρῳ
1121 4532 1163 4619 τῴ
1189 4530 1365 4617 Λαιταρύφ,
1394 4533 1449 4594 καί
1474 4524 1512 4610 τιρ

262 4665 428 4739 κρατοῦντι
463 4659 505 4742 τῷ
532 4657 661 4739 τοιούτῳ
696 4653 850 4742 εἰρημένῳ
878 4657 1090 4743 ζευγηλατείφ
1125 4656 1169 4742 τῴ
1202 4655 1233 4721 έν
1268 4657 1311 4742 τῷ
1341 4653 1508 4733 Κουκούλφ
