3140 5306
1264 263 1328 330 245

64 449 210 527 δανέξττς
232 449 278 524 τίς
302 452 338 515 ’τό
366 449 534 538 λαρκίδιον
562 453 598 517 τό
623 448 737 518 οὑτωσί
763 455 1077 538 προσαγοριυύμινυν
1101 449 1123 540 ἡ
1148 453 1325 540 Καρπαθία

3 545 5 626 ἶ
66 578 145 662 μετὰ
172 582 234 640 τῶν
263 583 413 660 μοναχιῦν
441 583 496 660 τῆς
525 577 704 660 στβασμίας
740 576 907 662 βασιλικῆς
936 585 1034 662 μονῆς
1068 583 1124 662 της
1152 573 1327 662 όπτραγνου

3 715 4 760 ί
66 699 234 782 δεσποίνης
257 693 529 784 ἡμῶνθτοτόκου
549 709 609 764 των
633 696 778 784 Λέμβων.
802 699 1004 784 παρέδραμον
1020 704 1128 784 καιροί
1151 722 1232 775 τινος
1256 702 1327 766 δια-

66 826 269 908 μαχομένων,
283 815 373 907 ἡμῶν
397 818 548 894 ἐλθόντος
564 821 600 886 δέ
623 829 678 886 τοῦ
701 823 921 905 πανσοβτίστου
944 821 1091 907 Βρουλλᾱ
1106 831 1203 908 κυροῦ
1224 823 1327 909 Δαβίδ

67 949 120 1008 καί
144 949 334 1029 ποιουμένου
358 943 413 1029 τὴν
442 940 640 1032 ἀπογραφὴν,
669 939 756 1029 εὖρον
783 941 869 1032 ἡμᾶς
897 948 953 1010 καί
976 945 1048 1018 τοῦς
1074 947 1235 1032 μοναχοός
1257 949 1329 1014 δια·

69 1072 271 1154 μαχομένους
294 1063 343 1131 ἐπὶ
367 1069 478 1153 τούτῳ,
507 1071 622 1142 καθὼς
646 1065 790 1153 ἀνωτέρω
814 1067 996 1155 τίρήκαμτν.
1024 1073 1080 1134 καί
1106 1073 1327 1156 παραγινόμε-

65 1214 117 1264 νος
139 1195 242 1255 τοίνυν
265 1193 350 1255 κατὰ
374 1191 427 1254 τόν
443 1194 537 1256 τόπον
562 1188 579 1256 ό
603 1200 744 1266 τοιοῦτος
767 1197 823 1256 καί
844 1190 920 1256 ίδῦν
942 1187 1056 1278 αότοψί
1078 1195 1159 1278 μττᾰ
1181 1195 1237 1258 καί
1259 1190 1326 1260 έτό·
1372 1195 1382 1210 ’

3 1353 5 1406 ss
66 1337 125 1400 ρων
143 1312 319 1400 ἀνθρώπων
341 1325 402 1380 τῶν
416 1319 473 1380 καί
496 1313 619 1401 εἴδησιν
635 1313 771 1401 έχόντων
796 1313 847 1378 έπί
865 1324 904 1402 τη
927 1316 1058 1402 τοιαύτη
1081 1315 1219 1393 δισιύξτι,
1240 1319 1326 1384 καθ-

67 1440 108 1512 ιίς
145 1437 276 1518 διέγνω,
312 1442 479 1524 πεποίηκε.
514 1441 570 1504 καί
604 1443 665 1523 γὰρ
701 1439 866 1504 ἀπέσπασε
900 1439 955 1526 τήν
990 1441 1139 1526 τοιαύτην
1177 1435 1239 1504 ἀπδ
1270 1449 1326 1506 τοῦ

3 1603 4 1630 ι
66 1569 243 1648 πρακτικοῦ
270 1555 359 1648 ἡμῶν
386 1561 525 1648 λύμπην,
553 1565 609 1625 καί
642 1561 810 1646 παρέδωκα
832 1563 948 1649 ταύτην
976 1573 1039 1636 τοῖς
1067 1563 1137 1628 δυσί
1160 1562 1326 1649 βιβαρίοις,

3 1715 5 1724 v
67 1687 118 1772 τὴν
145 1689 202 1772 μέν
223 1680 375 1772 ἡμίσειαν
398 1683 441 1770 τιρ
463 1685 597 1770 βιβαρίφ
624 1693 681 1772 τῆς
709 1694 807 1772 μοι-ης
834 1693 895 1750 τῶν
922 1681 1073 1770 Λόμβων,
1101 1687 1157 1772 την
1183 1686 1220 1750 δέ
1247 1683 1326 1774 ἠμί·

3 1793 5 1886 [
67 1827 154 1874 στιαν
177 1817 217 1898 τη
241 1817 323 1896 μονῇ
346 1817 402 1872 τοῦ
426 1805 574 1894 Σωτῆρος
597 1818 636 1896 τῇ
659 1809 818 1894 λεγομένη
841 1815 898 1872 τοῦ
919 1816 1019 1892 κυροῦ
1045 1807 1174 1894 Κοσμύ.
1202 1810 1245 1896 μὴ
1273 1809 1326 1887 ke-

3 1919 5 2014 ῥ
68 1933 229 2019 αρκυόσης
252 1931 288 1997 δέ
311 1939 367 2017 της
389 1938 444 1996 τοῦ
468 1929 615 2018 Σωτῆρος
639 1941 737 2019 μονῆς
761 1931 898 2018 μερίδος,
921 1929 983 1996 κᾶν
1005 1931 1061 2018 τήν
1078 1931 1187 2007 ίξοδον
1209 1934 1327 2019 ταύτης

68 2055 341 2122 ίαανααώσασθαι
376 2065 414 2142 τη
443 2065 534 2142 μονῇ,
571 2052 713 2142 ἐπεδόθη
744 2059 801 2118 καί
834 2055 930 2120 πάλιν
961 2057 1049 2140 παρὰ
1082 2064 1143 2120 τῶν
1177 2065 1327 2142 μοναχῦν

3 2191 5 2314 η
65 2187 119 2265 τῆς
142 2185 199 2243 τοῦ
222 2176 369 2264 Σωτῆρος
393 2187 490 2266 μονῆς
512 2178 592 2264 πρὸς
615 2179 670 2264 τὴν
694 2178 793 2264 μονὴν
815 2187 876 2242 τῶν
898 2177 1051 2263 Λέμβυν,
1075 2178 1189 2252 καθὼς
1210 2181 1267 2244 καί
1289 2181 1325 2244 τῦ

3 2317 4 2366 1
66 2305 221 2388 πρότερον,
247 2305 304 2365 καί
327 2297 375 2365 ότι
396 2319 433 2380 γε
457 2297 532 2366 οόδέ
556 2304 694 2388 μττοχην
718 2321 788 2366 τινα
812 2295 900 2387 τόρτν
923 2297 970 2365 ὶπ’
994 2295 1075 2386 αότῇ
1103 2309 1158 2366 τοῦ
1180 2308 1325 2388 ποταμοῦ

3 2415 5 2492 ί
67 2427 149 2511 παρὰ
175 2433 237 2490 τῦν
263 2427 421 2510 τυχόντων
449 2420 553 2489 έκτίστ
576 2425 619 2511 τῷ
640 2425 711 2488 τότε
734 2426 905 2510 γνωρίσας,
928 2419 1027 2510 ἤγουν
1049 2431 1105 2489 τοῦ
1130 2433 1325 2512 πρωτοπαπό

68 2557 118 2614 τοῦ
141 2547 340 2626 Κουκοόλου,
364 2557 462 2632 κοροῦ
491 2548 656 2634 Θεοδώρου
681 2556 737 2614 τοῦ
763 2545 949 2635 Μοσχηνοῦ,
973 2555 1029 2614 τοῦ
1056 2546 1246 2636 Κουλλούρη
1266 2547 1325 2618 Νι·

3 2697 5 2758 ι
67 2673 199 2750 κολύου,
233 2680 289 2736 τοῦ
317 2666 516 2758 αόταδέλιρυο
553 2665 649 2736 αότοῦ
676 2670 845 2757 Γεωργίου,
874 2678 929 2736 τοῦ
956 2669 1025 2736 υἱοῦ
1053 2678 1110 2736 τοῦ
1137 2669 1241 2740 Φωκίί
1267 2675 1324 2740 καί

68 2793 191 2880 ἑτέρων,
215 2791 302 2880 ἡμᾶς
325 2795 361 2858 δέ
384 2793 441 2859 καὶ
464 2795 557 2858 πάλιν
581 2793 717 2859 ίκσίνωστ
741 2797 777 2858 τύ
800 2793 855 2857 διὰ
877 2803 1055 2880 πρακτικοῦ
1082 2792 1128 2868 τίς
1150 2795 1204 2860 τόν
1228 2790 1323 2895 αὐτόν

3 2945 4 2994 ι
65 2924 211 3006 τοταμδν,
233 2921 287 2984 τόν
308 2923 364 2982 καί
379 2921 486 3004 πόρρω
503 2917 665 3004 ἀπέχοντα
689 2927 744 3003 τῆς
760 2916 907 3004 τδιαότης
931 2917 1067 3004 λοίμπης,
1083 2920 1321 3004 τροστκόμιστίν
1376 2928 1379 2936 ’

3 2995 5 3116 λ
66 3065 94 3107 τι
116 3039 188 3129 ἡμίν
211 3047 268 3106 καί
291 3044 381 3107 θεῖον
403 3044 619 3128 πρυσκυνητόν
640 3038 772 3126 ὁρισμόν
793 3047 849 3104 τοῦ
871 3047 1024 3126 κραταιοῦ
1040 3043 1096 3104 καί
1117 3037 1210 3118 ἁγίου
1232 3035 1321 3125 ἡμῶν

67 3164 216 3231 αόθέντου
243 3169 301 3230 καί
329 3165 484 3249 βασιλέως
511 3160 585 3250 ὑπὲρ
610 3175 669 3251 τῆς
697 3166 844 3250 τοιαύτης
871 3165 1013 3250 λύμπης,
1042 3159 1125 3236 ὅπως
1147 3166 1204 3226 καί
1225 3163 1319 3228 πόλιν

65 3295 237 3376 κατέχηται
258 3292 345 3374 παρὰ
368 3298 424 3374 τῆς
449 3297 546 3374 μονῆς
569 3291 625 3352 καί
645 3288 775 3376 όιπέχτιν
798 3284 1010 3352 ἕκαστοντῶν
1033 3287 1076 3372 τῷ
1091 3288 1223 3372 βιβαρίιρ
1239 3307 1319 3352 κτω-

3 3473 5 3518 y
66 3417 158 3499 μένων
181 3421 238 3477 τοῦ
262 3419 407 3496 ποταμοῦ
436 3408 473 3475 όκ
502 3413 629 3498 ταύτης,
658 3405 695 3474 οὗ
718 3407 817 3474 ἕνεκα
845 3407 1113 3496 ἀποσοβηθέντων
1140 3406 1229 3496 ἡμῶν
1260 3407 1319 3476 οὐκ

3 3539 4 3618 ἶ
63 3535 174 3622 ἔχομέν
202 3535 314 3600 έκτοτσ
342 3539 399 3600 καί
427 3539 521 3622 μέχρι
544 3544 600 3621 τῆς
624 3537 763 3620 σήμερον
786 3537 866 3619 μετὰ
894 3543 954 3598 τῦν
982 3529 1145 3620 ῥηθέντων
1168 3545 1319 3622 ρωναχιῦν

3 3713 5 3746 γ
62 3657 190 3746 όχλησιν
219 3660 276 3745 τὴν
303 3655 494 3745 οίανδητινα.
530 3653 581 3722 έπί
609 3657 708 3742 τούτῳ
737 3659 797 3742 γὰρ
832 3657 975 3736 ίγκγόντι
1000 3657 1073 3741 παρ’
1101 3651 1190 3744 ἡμῶν
1217 3655 1238 3745 ἡ
1261 3668 1319 3746 τῆς

3 3747 5 3848 λ
63 3779 216 3869 ὰληθτίας
243 3779 400 3869 όρολογία
430 3781 475 3856 τίς
499 3782 668 3866 βεβαίωσιν
690 3789 754 3854 τοῖς
778 3775 906 3866 ῥηθεῖσι
930 3789 1093 3866 μοναχοῖς.
1116 3782 1231 3868 μηνί
1245 3776 1317 3848 αό-

65 3904 338 3992 γυύστιρίνδ.
363 3905 414 3989 ιβ’
439 3908 470 3986 †.

3 4081 4 4084 ’
141 4061 224 4145 †‘H
246 4069 392 4150 παροῦσα
415 4059 576 4151 ἀσφάλεια
598 4064 655 4127 καί
678 4056 835 4147 ὁμολογία
858 4057 1021 4150 όπτγροίρη
1042 4065 1097 4127 καί
1124 4063 1197 4147 παρ’
1225 4059 1326 4148 έμοῦ,
1384 4035 1389 4046 ’

3 4159 4 4174 ³
63 4183 304 4274 δςσυμπαριδν·
325 4185 369 4272 τηῐ
397 4191 467 4252 τότε
492 4187 576 4272 ’μετὰ
603 4192 658 4250 τοῦ
684 4181 834 4270 Βροολλᾱ
861 4187 918 4249 καί
940 4183 1156 4271 προσκληθείς
1183 4180 1232 4250 ὑπ’
1256 4181 1315 4250 α’ό-

65 4321 111 4377 τοῦ
133 4315 212 4398 μετὰ
235 4320 297 4375 τῶν
325 4307 428 4375 ἄλλων
452 4307 496 4382 τίς
519 4309 575 4396 τήν
596 4309 728 4396 τήρησιν
751 4309 807 4371 καὶ
835 4303 1095 4372 ἀποκατάστασιν
1118 4312 1173 4373 καί
1202 4307 1313 4374 ἀνενδ-

64 4435 190 4522 χληοίαν
219 4443 276 4521 τῆς
296 4425 454 4519 ῥηθείσας
477 4439 575 4518 μονῆς
603 4439 658 4518 τῆς
686 4425 861 4515 όπεροίγνου
888 4431 1048 4493 θεοτόκοο
1077 4441 1137 4495 τῶν
1164 4429 1309 4516 Αέμβων,

65 4563 209 4642 παρόντων
232 4560 290 4621 καί
314 4565 374 4620 τῶν
398 4553 522 4620 ἄνωθεν
545 4555 746 4641 δηλουμένων
771 4551 932 4636 μαρτύρων
954 4555 982 4630 †.
