3140 5284
1189 268 1254 336 189

17 467 97 552 δτερί
108 462 292 552 ἀμφοτέρων
316 475 377 534 των
394 466 525 534 Σπανύν
547 465 657 545 πολύς,
681 466 797 532 ἔλυσαν
822 461 851 531 οἱ
874 463 1001 532 ἄνωθεν
1024 463 1253 550 Πρινοβαρῖται

18 591 116 656 ἐνύπιον
142 591 207 662 καί,
224 597 281 654 τού
307 593 489 676 πράκτορας
517 584 620 656 αὐτῶν
644 591 679 656 τύ
703 587 1018 677 ἀμφισβητούμενον,
1051 586 1190 660 εὶπύντις
1214 584 1253 652 ἐκ

18 717 188 800 πνύηματσς
213 713 271 799 μιᾷ
295 725 385 802 ρωνη
408 719 464 780 καί
488 715 618 800 γλύσση
642 715 723 800 πρὸς
745 716 798 778 τύν
821 716 1057 780 τανοσιύτατον
1079 713 1250 797 καθηγού-

18 859 81 922 μνον
98 847 152 924 τῆς
174 836 381 924 δηλωθείσης
398 839 567 926 βασιλικῆς
591 845 700 925 μονῆς,
724 839 776 902 τύν
802 843 891 922 κύριν
914 835 1092 923 Γεράσιμον
1115 831 1168 920 (ἡν
1190 837 1251 918 γὰρ

18 967 52 1026 ιω
72 957 157 1034 ούτσς
192 957 297 1027 ἐκεῖσε
324 964 620 1048 παρρησιαζόμενος
648 957 698 1026 ἐπὶ
726 971 764 1046 τῇ
792 957 981 1044 διαδικασία
1007 967 1063 1026 τού
1092 951 1250 1046 ρηδέντυς

19 1090 146 1172 γεραρίου
176 1089 258 1171 μετὰ
285 1089 343 1150 καί
369 1105 458 1152 τινων
483 1095 632 1172 μοναχύιν
661 1093 716 1171 της
744 1081 793 1152 ὑπ’
824 1081 918 1150 αύτύν
947 1088 1060 1171 μονῆς)
1084 1079 1127 1158 ὣς
1152 1081 1249 1168 εἴπερ,

19 1218 56 1292 ιύρ
73 1203 233 1294 ἡγούμενε,
257 1207 296 1273 σύ
320 1204 417 1284 αύτύς
432 1209 593 1284 πεζεύσων
615 1206 712 1282 ἰδίαις
735 1211 844 1294 χερσίν
869 1206 1067 1282 ἀποσπάσας
1090 1211 1147 1280 τὰς
1170 1209 1250 1294 στή-

21 1335 57 1405 ἰας
75 1341 121 1398 τού
144 1333 290 1398 τοιούτου
306 1335 484 1419 χωραρίου,
509 1332 564 1396 διὰ
587 1335 749 1418 γνωρίμων
769 1333 831 1418 γάρ
852 1327 891 1418 ἦν
914 1331 1081 1416 λαβράτων
1104 1331 1250 1415 γύρωδεν

21 1459 243 1543 ιεριοριῑύμενον
258 1457 294 1520 τύ
311 1463 452 1520 τοιοῦτον
474 1459 652 1544 χωράριον,
677 1453 858 1541 ἀπολύομεν
875 1464 979 1533 τούτο,
1003 1459 1059 1520 καί
1083 1452 1100 1522 δ
1124 1464 1251 1540 κρατῶν

23 1576 71 1644 ύτύ
96 1577 201 1653 αύδείς
225 1577 317 1645 ἔσται
335 1565 373 1656 δὲ
395 1574 493 1666 ημῶν.
518 1585 605 1645 ταῦτ’
629 1577 714 1644 εἶπον
742 1581 798 1644 καί
821 1573 918 1654 εύδύς
945 1575 963 1643 δ
987 1576 1049 1646 αἰπύ
1073 1587 1128 1644 τού
1153 1574 1252 1644 αύτού

21 1709 105 1790 γυρίου
125 1711 184 1790 της
205 1701 430 1788 Πρινοβάρτως
458 1701 687 1790 οἰκοδεσπότης
711 1699 728 1768 δ
752 1701 923 1776 Πολιτικὸς
951 1703 1126 1788 λεγόμενος
1151 1724 1251 1787 μετα-

23 1833 122 1911 κρύος
144 1829 311 1913 λισκάριον
336 1827 474 1892 δέδωκεν
499 1824 544 1900 τίς
567 1837 678 1913 χεῖρας
702 1827 746 1913 τῷ
766 1828 1004 1914 καθηγουμύνιρ
1025 1821 1123 1900 οὕτως
1148 1825 1253 1890 είπύν·

23 1953 73 2034 ἰάβι
96 1960 196 2030 τούτο,
224 1953 282 2016 καί
309 1948 343 2014 τῖ’
371 1953 428 2023 τὰς
463 1951 584 2038 στήλας
611 1948 751 2039 ἇρύλεις,
777 1947 987 2038 ἀφιστάμεθα
1017 1958 1072 2014 τού
1102 1951 1252 2014 τοτυύτου

23 2081 159 2164 γνραρίσυ.
192 2071 269 2140 δδὲ
292 2074 400 2157 λαβὼν
422 2071 530 2148 ἰδίαις·
543 2077 650 2160 χερσίν
674 2069 737 2139 ἀπὸ
761 2081 816 2140 τού
845 2072 1017 2140 Πολιτικοῦ
1046 2075 1081 2138 τύ
1104 2074 1252 2158 λισκάριν

25 2204 58 2262 τά
78 2198 177 2277 εἰτύν,
206 2194 266 2262 ύτι·
295 2193 366 2262 ύλοι
394 2199 430 2262 τύ
454 2205 597 2262 τοιοῦτον
621 2191 708 2282 ῥῆμα
737 2193 808 2263 ἐστὲ
836 2197 997 2278 λέγοντες,
1034 2193 1133 2270 εύδύς
1156 2191 1253 2262 καίδ

24 2319 151 2409 λομνηνύς
177 2319 278 2408 ἱερεύς
302 2324 359 2386 καί
381 2319 412 2385 οἱ
434 2321 540 2386 λοιποὶ
556 2319 792 2399 οίκοδεσπύται,
817 2318 861 2395 ύς
885 2320 1016 2408 ἔρημον,
1040 2319 1070 2386 οἱ
1093 2320 1253 2405 Πρινοβα·

26 2455 76 2526 ραι
98 2449 148 2510 καί
178 2441 274 2518 αύτύς
303 2443 320 2512 δ
348 2448 498 2531 πράκτωρ
524 2441 627 2510 αὐτῶν
655 2443 741 2512 εἶπον
770 2455 909 2530 στοιχεῖν
933 2455 973 2532 τη
997 2445 1128 2530 τοιαύτη
1153 2455 1253 2531 ρωνη·

26 2564 72 2632 ύδὲ
89 2571 334 2656 καθηγούμενος
355 2572 517 2654 παρουσία
538 2570 662 2634 πάντων
687 2565 848 2659 ἀνιύσπαστ
868 2579 951 2653 τρεῖς
974 2567 1095 2655 στήλας
1111 2575 1166 2632 τού
1190 2590 1253 2632 τοι·

27 2693 86 2756 ύτου
108 2697 288 2779 χωραρίυυ,
323 2689 367 2766 ύς
401 2691 590 2778 δεδήλωται.
626 2691 670 2766 είς
698 2693 898 2778 παράστασιν
928 2687 983 2756 ούν
1018 2699 1074 2778 της
1102 2691 1252 2779 τοιαύτης

27 2818 126 2896 μίξεως
159 2821 216 2882 καί
251 2813 450 2904 ἀποσύβησιν
485 2819 541 2882 καί
570 2811 713 2891 δκδίωξιν
748 2823 807 2880 τῶν
841 2813 1079 2900 Πρινοβαριτύιν
1108 2811 1171 2880 ἀπὸ
1199 2823 1254 2880 τού

28 2938 191 3024 ίμωύίντος
217 2946 388 3030 χωραρίοο
414 2937 472 3006 καὶ
506 2938 671 3006 δικαίωσιν
700 2943 757 3006 καί
784 2937 1044 3006 ἀποκατάστασιν
1072 2947 1128 3024 τῆς
1157 2947 1255 3024 μσνης

28 3057 182 3148 γειρούσα
203 3069 279 3150 παρ’
306 3059 395 3152 ἡμῶν
420 3045 561 3143 ὲγιγύνει
585 3068 770 3150 σημείωσις.
801 3066 909 3149 μηνί
936 3065 1015 3128 καί
1045 3061 1126 3128 ίνδ.
1158 3073 1256 3136 τοῖς

28 3192 435 3275 προγεγραμμένοις
459 3195 536 3253 τού
562 3186 693 3275 ,ςψλί’
717 3185 851 3260 δτοος
875 3190 904 3268 †.

84 3327 155 3409 †‘0
179 3328 534 3417 μητροπολίτης
558 3325 768 3415 Σμύρνης
792 3326 1029 3411 Γεύργιος
1052 3329 1082 3407 †.

233 3593 340 3661 evm.
357 3593 588 3675 6740-1225,
606 3613 713 3662 mense
728 3600 874 3677 augusto,
890 3589 956 3658 ind.
976 3590 1011 3658 V.

95 3741 249 3798 Monachus
264 3741 415 3798 Νύεακάιτ
429 3739 639 3813 Θνιιατοριιίατ
653 3739 770 3796 Basilio
786 3739 909 3796 Βίαίετο
924 3757 1039 3812 σαιοροε
1054 3737 1159 3797 vendit.

88 3891 178 3971 ῒΤύ
201 3896 464 3979 πρατήριον
488 3891 726 3982 ἔγγραφον
751 3901 828 3956 τοῦ
854 3895 1065 3979 μονδιχού
1092 3889 1259 3959 Νικάν-

35 4009 110 4094 ίριο
131 4027 202 4082 τού
224 4015 621 4120 Γουναροπούλομο
645 4019 784 4104 χάριν
808 4027 890 4082 των
914 4019 1058 4101 πύραν
1086 4023 1162 4080 τοῦ
1186 4013 1259 4095 Δη-

36 4145 225 4216 ροσιύτου
248 4149 460 4227 ποταμού
484 4145 731 4229 χωραρίων
755 4145 784 4222 †.

91 4280 190 4362 Σίγνον
212 4283 396 4367 Νικάνδρου
421 4292 565 4370 μσναχού
590 4293 645 4349 τού
668 4281 941 4368 Γουναροπούλου.

91 4423 181 4502 γἘν
214 4422 346 4510 ύνύματι
372 4446 403 4489 κ.
433 4447 458 4489 τ.
492 4421 516 4489 ἑ.
552 4423 735 4510 Νίκανδρος
771 4425 912 4510 μοναχύς
949 4417 964 4485 δ
999 4419 1258 4505 Γουναρύπουλος

36 4557 89 4606 ιτ.
109 4543 131 4610 ἐ.
150 4544 293 4634 δμολογύ
318 4545 448 4614 ἐνώπιον
472 4557 527 4613 τού
544 4549 624 4613 θεοῦ
648 4553 704 4612 καί
727 4558 787 4612 τῶν
804 4547 1030 4629 πανσεβάστων
1055 4542 1257 4607 οἰκειοτάτων
1368 4628 1373 4636 ¹

37 4661 64 4744 τῷ
79 4671 204 4758 κραταιῷ
230 4675 285 4737 καί
309 4669 389 4756 ἁγίιρ
413 4667 500 4758 ἡμῶν
529 4668 670 4757 αύδὲντη
695 4675 751 4736 καὶ
780 4671 904 4754 βασιλεῖ
926 4668 1109 4754 Σμυρναίων
1134 4665 1257 4753 ἀρχάν·
1357 4729 1360 4740 ,
