3190 5284
273 245 334 306 112

269 439 398 522 ριίτητα
422 445 481 498 τῶν
506 435 619 525 ὲρεεης
643 443 862 524 γενησομένων
888 437 963 502 ἐτῶν
986 437 1217 525 ἑβδοματικῶν.
1244 457 1327 525 μην
1341 444 1351 504 ί
1374 437 1415 503 lo
1429 460 1446 502 υ
1460 439 1479 502 λ
1494 443 1505 500 ί
1521 463 1549 522 ῳ

266 557 346 624 ίνδ.
384 561 424 643 β’.

356 703 376 778 †
422 698 457 766 Ὁ
504 703 859 790 μητροπολίτης
905 701 1117 790 Σμύρνης
1162 707 1239 768 καί
1285 699 1550 790 ύπὲρτιμος

266 821 480 909 Ἰωάννης
514 830 544 904 †.

354 963 432 1052 Εἶχε
460 971 517 1031 καί
547 965 781 1055 ἀπηωρημένην
816 968 1002 1054 μολιβδίνην
1039 968 1177 1051 βούλλαν
1213 969 1396 1056 γράφουσαν
1425 973 1549 1036 ταῦτα·

263 1090 363 1174 κύρου
389 1095 514 1178 γραφάς
543 1113 596 1175 μοι
625 1091 729 1157 Φωκᾶ
758 1094 991 1177 χαριτωνύμου,
1016 1092 1149 1177 πρύεδρε
1174 1089 1331 1176 Σμύρνης,
1357 1099 1456 1176 μῆτερ
1482 1099 1547 1154 τού

264 1213 377 1292 λύγου,
412 1217 494 1301 κύμη
523 1219 551 1294 †.
581 1217 601 1294 †
629 1213 788 1288 Ὡσαύτως
816 1213 883 1300 εἶχε
912 1219 968 1278 καί
993 1211 1126 1278 ὄπισθεν
1163 1211 1205 1288 ὡς
1227 1215 1390 1288 ἔθοςκαί
1423 1215 1479 1277 διὰ
1506 1217 1548 1278 τύ

266 1333 444 1423 ἀμφίβολον
474 1347 529 1424 τῆς
557 1339 744 1425 κολλησεως
773 1346 827 1402 τού
851 1341 971 1423 χάρτου
1000 1339 1054 1401 διὰ
1078 1345 1133 1402 τού
1158 1337 1331 1402 σακελλίου
1360 1345 1415 1423 τῆς
1439 1335 1550 1418 ἁγιω-

266 1463 365 1545 τάτης
389 1463 614 1546 μητροπόλεως
638 1462 790 1548 Σμύρνης,
816 1460 959 1537 Ἀλεξίου
984 1469 1039 1527 τού
1062 1457 1237 1548 Μαρούλλη
1261 1465 1290 1540 †.

518 1758 567 1824 LI.
586 1759 815 1837 6790-1281,
833 1778 941 1824 mense
958 1758 1141 1844 septembri,
1159 1757 1223 1824 ind.
1241 1759 1279 1824 X.

521 1923 729 1978 Testamentum
743 1925 899 1978 monachae
918 1923 1052 1980 Marthae
1071 1925 1271 1982 Τλναοσοίυσε.

350 2091 453 2173 ’γΤύ
482 2090 755 2178 διαθηκηῖον
784 2095 971 2178 γράμμα
999 2101 1076 2180 της
1106 2103 1315 2180 μοναχης
1339 2093 1545 2180 Μάρθας

260 2226 339 2303 της
375 2216 677 2301 Θμακησίνης
712 2220 741 2296 †.

380 2361 650 2468 ΣίγνονλΜάρθας
942 2365 1193 2474 ΣίγνονΙἌννης

343 2659 363 2735 †
387 2655 531 2741 Ἐπείπερ
555 2667 593 2743 τη
615 2653 799 2742 ἀνθρωπεία
823 2659 915 2746 φύσει
939 2662 994 2722 καί
1011 2653 1104 2742 ούσίορ
1129 2657 1351 2746 ἀπαραιτήτως
1373 2657 1542 2745 ἐνεδρεύει

255 2781 311 2843 καί
332 2778 638 2854 συνεξακολουθεῖύ
667 2782 819 2857 θάνατος,
848 2785 904 2844 καί
934 2777 992 2844 ούκ
1018 2781 1102 2846 ἔστιν
1131 2779 1148 2846 ὁ
1173 2791 1281 2846 τούτου
1309 2785 1538 2870 παραδραμεῖν

255 2902 469 2989 δυνησόμενος
493 2906 578 2967 κατὰ
603 2905 657 2990 τὴν
683 2901 928 2988 ἐξενεγχθεῖσοιν
953 2903 994 2988 tq}
1019 2905 1255 2990 πρωτοπλάστιρ
1281 2903 1450 2993 ἀπόφασιν·
1481 2907 1537 2972 ὅτι

255 3036 294 3114 γῆ
320 3027 356 3105 εἶ,
381 3032 436 3092 καί
460 3027 504 3099 είς
529 3035 586 3113 γῆν
612 3025 784 3112 ἀπελεύση,
809 3033 865 3091 καί
889 3028 922 3091 ἐν
947 3026 1042 3113 ἑτὲριρ
1066 3029 1152 3112 λύγῳ
1173 2999 1248 3100 τύύς
1273 3027 1356 3104 ἅπαξ
1381 3025 1443 3096 ἀπὸ
1469 3041 1535 3117 γῆς

253 3152 459 3222 πλασθέντας
487 3153 542 3214 καί
570 3149 614 3223 εἰς
643 3159 700 3235 γην
724 3149 960 3230 ἐπανάγεσθαι,
996 3152 1050 3214 διαί
1078 3173 1127 3214 τοι
1155 3159 1247 3215 τούτο
1275 3149 1378 3232 κάγῶ,
1403 3151 1533 3237 Μάρθα

254 3276 381 3359 μσναχη
410 3270 429 3360 ἡ
459 3274 657 3358 Θρακησίνα,
686 3276 770 3356 νύσιρ
799 3274 888 3360 δεινῇ
915 3281 1130 3358 περιπεσοῦσα
1154 3279 1211 3338 καί
1238 3277 1273 3340 τύ
1309 3273 1531 3362 ἀπαραίτητον

251 3396 344 3460 τοῦδε
373 3403 426 3460 τού
451 3397 520 3478 βίου
550 3393 762 3484 ἐμρερομένη,
792 3399 923 3481 μήπως
952 3394 1008 3460 καὶ
1032 3394 1079 3460 ἐπ’
1108 3395 1179 3482 ἐμοὶ
1202 3393 1244 3469 ὡς
1269 3396 1318 3461 ἐπί
1347 3399 1480 3472 πολλοῖς
1511 3399 1530 3465 ὁ

250 3521 393 3590 θάνατος
418 3517 573 3605 ἐπισταίη.
603 3520 651 3582 διδ
676 3523 733 3582 καὶ
757 3518 953 3605 λογισαμὲνη
978 3526 1032 3582 τού
1056 3529 1198 3606 φανερῶς
1224 3520 1443 3596 διατάξασθαι
1467 3525 1530 3610 ἔρ-

250 3662 352 3727 χομαι
380 3639 424 3714 είς
452 3643 507 3725 την
534 3645 771 3727 παρακειμένην
799 3643 880 3716 λέξιν
910 3637 1020 3715 ούτως·
1049 3640 1203 3730 ἐπαρίημι
1226 3653 1305 3708 πᾶσι
1328 3663 1531 3730 χριστιανοῖς

249 3767 306 3828 καί
340 3764 442 3850 φίλοις
476 3763 531 3849 την
560 3761 597 3826 ἐκ
633 3767 712 3828 θεοῦ
740 3768 797 3828 καί
831 3765 975 3828 πλάστου
1009 3767 1133 3830 πάντων
1163 3771 1379 3854 συγχώρησιν,
1412 3771 1532 3838 ἔπειτα

248 3889 453 3974 παρακατιὼν
494 3887 721 3970 διατάσσομαι·
757 3885 912 3975 ὲπαιρίημι
947 3887 990 3960 είς
1025 3889 1080 3974 τὴν
1117 3891 1294 3976 σεβασμίου
1331 3893 1428 3979 μονὴν
1465 3897 1530 3961 καὶ

249 4009 343 4091 ἁγίαν
372 4013 541 4099 βασιλικὴν
565 4020 622 4097 τῆς
647 4007 822 4097 ύπεράγνου
846 4015 1049 4099 θεομητορος
1073 4023 1128 4098 της
1151 4013 1409 4102 Λεμβιωτίσσης,
1436 4019 1527 4086 ἔνθα

249 4135 356 4220 μέλλει
377 4137 511 4220 τεθῆναι
527 4138 561 4198 τύ
580 4138 672 4220 σῶμά
690 4157 759 4220 μου,
778 4140 858 4221 μετὰ
875 4137 990 4220 βουλῆς
1007 4139 1063 4200 καί
1081 4139 1277 4224 [θε]λησεως
1293 4144 1349 4203 καί
1365 4143 1527 4228 καθαροῖς

244 4263 457 4344 προαιρέσεως
482 4267 537 4344 τῆς
560 4261 777 4345 περιποθήτου
802 4279 862 4343 μου
886 4261 1057 4344 θυγατρὸς,
1082 4270 1180 4344 κυρᾱς
1208 4257 1328 4348 ’Άννης
1355 4273 1412 4350 της
1441 4265 1525 4346 Ἀγ-

241 4384 377 4468 γελίνης,
403 4379 478 4469 ύπὲρ
496 4386 634 4470 ψυχικῆς
658 4380 747 4468 ἡμῶν
770 4380 867 4446 ἕνεκα
892 4388 1048 4468 σωτηρίας
1072 4386 1107 4446 τύ
1132 4389 1294 4474 χωράριον
1319 4390 1354 4450 τύ
1378 4389 1521 4474 πλησίον

239 4513 295 4569 τού
319 4511 422 4592 τιμίου
440 4506 637 4592 Προδρύμου,
663 4504 728 4570 οίον
752 4509 808 4568 καί
825 4503 901 4570 ὅσον
926 4504 1000 4582 ἐστὶ,
1025 4511 1105 4590 μετὰ
1129 4512 1268 4572 καὶτῶν
1293 4508 1395 4573 ἐκεῖσε
1421 4509 1521 4577 ἱστα-

240 4633 340 4714 μὲνων
367 4630 482 4714 δρυῶν,
513 4627 596 4694 ἀλλὰ
631 4629 669 4714 δη
699 4633 755 4692 καί
784 4633 864 4712 μετὰ
892 4639 951 4692 τῶν
976 4627 1089 4714 ἑτέρων
1117 4631 1218 4714 δρυῶν
1249 4643 1307 4697 τῶν
1337 4631 1520 4720 ἱσταμένων
