3190 5284
288 324 331 385 80

290 513 507 598 υίιιειυχείρως
525 515 738 597 προτάξαντες
763 515 798 576 τό
820 515 923 598 παρόν
947 515 1197 599 συμβιβαστικὸν
1221 511 1309 600 ἡμῶν
1334 514 1497 602 ἔγγραφον
1522 538 1563 578 τι-

289 639 423 721 θέμεθα
455 640 510 700 καί
544 646 695 721 ποιοῦμεν
731 633 899 714 ἑκουσίως,
936 635 1098 720 ἀβιάστως
1130 642 1186 702 καί
1222 637 1474 725 ἀμεταμελὴτως
1510 642 1564 700 καί

293 759 386 832 ἐκτός
411 760 506 823 δόλου
522 762 639 832 παντὸς
663 764 720 823 καί
744 763 860 843 τρόπου
882 761 960 846 πρὸς
984 765 1030 842 σέ,
1056 763 1108 826 τόν
1131 765 1369 826 παν-οσιώτατον
1393 763 1563 846 καθηγυό·

292 904 385 968 μενον
414 892 469 968 της
498 883 677 968 σεβασμίας
707 885 877 968 βασιλικῆς
905 893 1003 970 μονῆς
1030 893 1086 970 τῆς
1114 881 1290 968 όπεράγνου
1320 886 1482 948 θευτόκου
1511 893 1564 968 τῆς

291 1005 550 1092 Λεμβιωτίσσης,
574 1007 627 1072 τόν
652 1005 860 1090 ίερυμόναχυν
884 1014 943 1090 πῦρ
963 1005 1129 1090 Κόριλλυν,
1155 1011 1311 1092 καὶπρὸς
1335 1006 1418 1072 ἅπαν
1444 1009 1481 1070 τό
1508 1011 1562 1090 μέ-

292 1150 346 1213 ρος
375 1138 438 1215 της,
461 1124 519 1192 όπό
549 1131 585 1192 σὲ
613 1129 729 1214 ταύτης
759 1127 853 1207 ἁγίας
879 1138 991 1214 μυνὴς,
1016 1133 1130 1202 καθὼς
1153 1129 1392 1216 δηλωθήσεται.
1420 1134 1480 1194 καί
1505 1133 1563 1213 γὰρ

292 1249 358 1316 ἐπεί
388 1247 529 1322 ἀπόντων
556 1247 647 1336 ἡμῶν
676 1249 737 1314 ἀπό
767 1259 822 1336 τῆς
841 1260 981 1337 Ιγονικῆς
1008 1249 1097 1338 ἡμῶν
1127 1249 1344 1339 κληρονομίας
1369 1263 1427 1339 τῆς
1459 1251 1492 1315 ἐν
1520 1251 1560 1336 τῷ

290 1381 399 1460 χωρίῳ
422 1369 589 1446 Μανταίας
611 1377 668 1438 καί
690 1376 750 1457 πρὸ
774 1377 895 1459 χρόνων
921 1377 1048 1438 πολλῶν
1077 1379 1339 1462 Εενητευθέντων,
1370 1376 1518 1464 ἔφθασεν
1546 1373 1561 1438 ί

290 1501 379 1570 θεῖος
406 1495 494 1584 ἡμῶν
523 1495 539 1562 ὁ
568 1496 729 1582 Πλανίτης
756 1496 877 1570 ἐκεῖνος
913 1499 1065 1563 ἐκδοῦναι
1092 1503 1131 1563 τὰ
1161 1505 1275 1579 γυνικὰ
1301 1497 1390 1587 ἡμῶν
1418 1497 1561 1568 ίπσστα·

289 1625 362 1684 τικα
386 1619 481 1685 τὰ·ἐν
500 1621 546 1706 τῷ
566 1619 747 1706 δηλωθέντι
767 1617 885 1706 χωρίῳ,
911 1619 1021 1695 ἐλαίας
1046 1645 1089 1700 τε,
1113 1627 1264 1710 χωροίφια
1287 1627 1344 1688 καί
1367 1625 1560 1708 μυλοτόπιυν

290 1742 322 1807 ἐν
351 1755 390 1830 τη
410 1744 597 1831 δηλαδείση
623 1755 703 1830 μυνη
728 1755 788 1808 των
815 1741 957 1829 Αέμβυυ,
981 1749 1036 1808 καί
1059 1757 1190 1831 κατεῖχε
1214 1755 1314 1810 ταῦτα
1337 1749 1474 1832 χρόνους
1504 1741 1561 1810 σία

291 1865 428 1956 ὀλίγους,
458 1865 572 1951 ἀρτίως
608 1867 643 1930 δὲ
678 1864 874 1954 Ιόινεφέρυμεν
908 1872 978 1952 περί
1013 1871 1124 1933 τούτου
1153 1871 1195 1955 τῷ
1221 1869 1363 1956 κραταιῷ
1391 1873 1452 1933 καί
1484 1867 1561 1953 ἁγίιρ

291 1987 379 2077 ἡμων
410 1987 551 2074 αὐθέντη
587 1994 644 2054 καί
671 1991 796 2072 βασιλεῖ
822 1995 880 2054 καί
915 1989 1139 2077 ἐπορισάμεθα
1167 1989 1297 2077 ὁρισμόν
1327 2002 1382 2057 τοῦ
1411 1998 1561 2076 κατέχειν

290 2116 329 2178 τὰ
356 2111 457 2199 ἡμίση
493 2122 552 2176 τῶν
581 2115 729 2176 τοιούτων
757 2109 991 2191 ὁποστατικων,
1019 2117 1060 2178 τὰ
1087 2115 1122 2178 δέ
1150 2113 1244 2199 ἕτερα
1271 2111 1372 2202 ἡμίση
1400 2128 1561 2200 προσεῖναι

289 2247 328 2322 τη
352 2247 434 2322 μυνὴ
458 2233 500 2308 ὡς
524 2237 558 2299 τό
582 2240 742 2321 πρότερον,
767 2238 882 2308 καθὼς
906 2241 962 2300 καί
986 2234 1002 2301 ό
1026 2243 1116 2310 θεῖος
1136 2235 1224 2324 ἡμων
1248 2235 1265 2302 ὁ
1292 2237 1451 2324 Πλανίτης
1482 2239 1562 2302 ἐκεῖ·

289 2377 343 2431 νυς
366 2356 492 2433 ἐξέδοτο
517 2367 616 2422 ταῦτα
641 2358 680 2422 δι’
704 2359 865 2446 ἐγγράφου
889 2355 989 2424 αὐτοῦ
1010 2383 1044 2424 τε
1072 2365 1130 2425 καί
1156 2367 1214 2425 τοῦ
1236 2358 1439 2448 αίιταδέλφου
1466 2357 1560 2424 αὐτοῦ

289 2483 424 2567 καὶτῆς
448 2483 568 2567 μητρός
592 2479 704 2558 αότῶν,
731 2481 814 2546 ἀλλὰ
838 2483 876 2568 δὴ
902 2487 957 2547 καί
979 2485 1094 2556 καθὼς
1118 2483 1294 2559 διετάξατο·
1318 2487 1372 2549 διαί
1394 2507 1446 2548 τοι
1471 2493 1558 2548 τοῦτο

290 2607 345 2666 καί
368 2601 459 2690 ἡμεῖς
481 2607 516 2668 τό
539 2606 639 2690 παρόν
663 2607 913 2690 συμβιβαστικὸν
942 2606 1101 2695 έγγραφυν
1124 2613 1338 2693 ποιησόμενοι
1357 2619 1395 2694 τη
1421 2603 1559 2694 ῥηθείσῃ

293 2727 454 2812 σεβασμίογ
477 2729 630 2814 βασιλικη
653 2739 735 2814 μσνὴ
760 2727 1000 2814 ἐπιδεδωααμεν
1023 2729 1069 2804 τίς
1093 2728 1283 2818 ἀσφάλειαν.
1314 2731 1341 2795 εί
1365 2733 1400 2795 δέ
1425 2751 1463 2810 γε
1487 2732 1559 2816 πρός

292 2847 470 2936 ἀνατροπὴν
494 2855 550 2914 καί
575 2849 731 2937 ἀθέτησιν
754 2861 809 2916 τοῦ
833 2857 989 2937 παρόντος
1009 2855 1262 2939 σομβιβαστικυό
1285 2855 1450 2942 ἐγγράφου
1474 2851 1559 2939 ἡμῶν

293 2975 509 3060 χαρηθῶμεν,
539 2971 574 3040 τό
600 2978 696 3060 μόνον
720 2971 757 3038 υό
780 2976 824 3062 μὴ
850 2974 1108 3060 είσακουόμεθα,
1136 2975 1183 3062 ἐφ’
1213 2975 1259 3050 υίς
1287 2975 1327 3041 ἂν
1354 2978 1482 3063 ἔχωμεν
1510 2979 1559 3039 λέ-

291 3115 372 3173 γειν,
409 3095 493 3161 ἀλλὰ
520 3101 579 3160 καί
605 3100 662 3170 τὰς
696 3095 777 3182 ἀρὰς
805 3098 1061 3182 ἐπιστασωμεθα
1088 3109 1148 3164 των
1177 3105 1366 3185 τριακοσίων
1391 3101 1558 3165 δεκαοκτὼ

292 3215 390 3296 ἁγίων
413 3221 580 3308 θευφόρων
601 3225 745 3305 πατέρων
769 3231 827 3284 τῶν
852 3219 884 3285 ίν
905 3219 1026 3306 Νιααίφ
1049 3219 1148 3308 καὶὴ
1174 3227 1263 3308 μερὶς
1286 3221 1375 3309 ἡμῶν
1400 3226 1482 3308 μετὰ
1505 3231 1557 3286 τοῖν

289 3342 445 3427 προδότου
479 3341 592 3408 Ἰοόδα.
629 3339 753 3429 ἐγράφη
789 3346 822 3407 τό
855 3349 954 3429 παρόν
989 3347 1240 3430 συμβιβαστικὸν
1273 3343 1363 3432 ἡμῶν
1399 3345 1557 3432 ἔγγραφον

289 3475 452 3550 πρυτρυτη
479 3461 618 3551 ἡμετέρα
645 3465 711 3552 διὰ,
727 3475 782 3529 τοῦ
807 3467 973 3550 βασιλικοῦ
998 3469 1163 3545 διακόνου,
1193 3467 1355 3554 όστιαρίου
1377 3479 1435 3557 τῆς
1459 3468 1556 3548 ἁγιω-

290 3589 388 3672 τσίτης
417 3595 471 3651 τοῦ
500 3589 580 3652 θεοῦ
610 3589 754 3678 μεγάλης
784 3587 960 3676 ἐκκλησίας
988 3596 1043 3654 καί
1072 3593 1305 3678 ταβυολλαρίυυ
1333 3594 1475 3666 Λέοντος
1507 3599 1557 3655 τυό

291 3707 443 3773 Ἐλλαδσί.
480 3715 587 3796 μηνί
619 3705 782 3794 ίυυλίιρ
814 3711 895 3776 ίνδ.
933 3712 973 3796 β’,
1008 3714 1143 3787 ἐτυυς
1176 3715 1301 3801 ‘vm'
1328 3720 1357 3796 †.

379 3853 399 3928 †
427 3849 597 3923 Νεῖλος
633 3856 854 3924 ταπεινός
883 3819 1384 3944 ἐπίσκοποςὶίίριὴνης
1419 3862 1449 3938 †.

545 4131 679 4197 XXVIII.
699 4131 928 4212 6760-1251,
952 4137 997 4197 15.
1015 4135 1163 4210 octobris,
1179 4135 1243 4201 ind.
1263 4137 1299 4201 X.

496 4277 639 4332 Iudicium
670 4288 770 4331 contra
800 4277 941 4332 Ioannem
971 4279 1090 4335 Poleam
1120 4293 1145 4336 εί
1170 4283 1247 4354 filios
1278 4286 1348 4342 τίκα.

378 4445 481 4530 ἡΤό
509 4448 651 4530 παρόν
680 4448 1072 4532 κρισιμόγραμμα
1100 4459 1177 4534 τῆς
1205 4451 1473 4538 καταδίκης
1499 4451 1554 4515 ίε-

289 4574 400 4654 ρέιις
423 4577 500 4633 τοῦ
523 4567 684 4634 Πωλία
707 4571 888 4632 καὶτῶν
912 4571 1085 4634 παίδων
1110 4567 1265 4648 αὐτοῦ,
1292 4575 1394 4638 ἐπεὶ
1422 4572 1553 4661 ἠμφί-

289 4692 432 4773 βαλλε
455 4693 532 4775 τὴν
558 4691 847 4776 χαριστικὴν
876 4691 1127 4778 ἔγγραφον,
1152 4693 1200 4778 ἡν
1226 4693 1421 4769 ἐξέθετο
1446 4701 1553 4782 πρός
