3228 5296
1286 281 1329 344 59

50 469 88 544 ὣς
115 467 316 557 ἁμαρτωλός
342 472 534 561 προσῆλθον
562 471 608 558 τηῖ
634 471 884 558 παναγιασμένιμ
912 463 1151 559 καθηγούμόνῳ
1180 481 1242 560 τῆς
1277 495 1333 538 σε·

50 595 191 680 βσορίας
228 595 402 683 βασιλικῆς
440 593 533 676 ἁγίας
569 605 666 684 μονῆς
700 605 756 684 τῆς
791 591 999 681 ύπερενδόξοο
1033 595 1202 682 δεσποίνης
1239 593 1336 684 ἡμῶν.

51 720 212 783 θεοτόκυυ
229 727 288 805 τῆς
311 716 569 807 Λεμβιωτίσσης,
594 719 680 806 κυρῷ
693 718 870 806 Γερασίμιρ,
895 728 950 784 τού
972 716 1144 803 ἀναλαβεῖν
1168 723 1204 785 τύ
1228 729 1332 785 τοιού·

49 864 97 906 τον
125 838 303 930 εύκτῆριον
330 847 390 908 καί
423 851 555 930 ποιῆσαι
582 851 675 908 τούτο
704 845 856 930 μετόχιον
883 851 939 929 τῆς
967 841 1093 909 ἄνωθεν
1121 843 1330 940 δηλωθείσης

50 967 220 1054 βασιλικῆς
251 964 349 1047 ἁγίας
385 976 484 1054 μονῆς
518 976 573 1054 τῆς
600 970 826 1054 παναχράντου
861 969 1035 1044 θεοτόκου,
1070 963 1164 1032 ὁπότε
1199 968 1235 1032 δέ
1271 978 1331 1032 τῶν

50 1099 164 1175 καιρῶν
195 1089 407 1178 βουληθῆναί
434 1113 474 1176 με
503 1089 705 1177 ἀποκαρῆναι
734 1088 776 1177 μη
799 1093 887 1176 παρσί
910 1111 994 1164 τινος
1017 1092 1231 1178 κωλυομένοο,
1257 1089 1330 1156 ἀλλ’

50 1210 248 1279 επεντεύθεν
272 1215 483 1302 εἰσέρχεσθον
506 1219 562 1280 καί
586 1213 821 1300 ἀποκείρεσθαι
845 1211 903 1280 ύπό
927 1237 961 1278 τε
985 1223 1041 1279 τού
1066 1195 1162 1280 αύτούΙ
1185 1211 1327 1303 ἡγουμέ-

52 1359 101 1400 νου
128 1341 188 1402 καί
218 1347 279 1404 τοῦ
305 1343 420 1424 μέρους
449 1347 504 1426 τῆς
528 1334 626 1425 αὐτῆς
651 1348 748 1426 μονῆς
771 1337 829 1404 καὶ
853 1337 933 1402 εἶναι
955 1335 1041 1424 κάμέ
1067 1335 1205 1427 ἀδελφόν
1230 1340 1263 1404 έν
1287 1323 1327 1429 τῆ

51 1457 96 1525 ἐπ’
118 1455 244 1536 αύτούς
268 1474 351 1550 μονῇ
377 1467 457 1549 μετὰ
480 1467 537 1528 καί
561 1473 621 1528 τῶν
646 1462 760 1582 ἄλλων,
786 1465 956 1551 φροντίζειν
980 1463 1016 1526 δέ
1041 1464 1094 1528 τόν
1119 1455 1215 1528 αύτύν
1238 1466 1328 1530 καθ-

9 1607 10 1648 1
49 1587 227 1672 ηγούμενον
262 1586 310 1661 εἰς
340 1598 448 1652 πᾶσαν
480 1591 536 1652 καί
567 1592 719 1654 παντοίαν
752 1591 949 1674 περιποίησιν
982 1598 1036 1653 τού
1066 1587 1191 1654 ἄνωθεν
1219 1589 1327 1675 δηλω·

9 1761 10 1764 ι
50 1712 161 1785 θέντος
191 1716 367 1798 μετυχίυο,
393 1709 544 1798 έκδίδωμι
571 1713 607 1776 δέ
635 1721 728 1776 τούτο
757 1709 819 1776 ἀπὸ
847 1716 904 1798 τῆς
928 1714 1066 1798 σῆμερυν
1095 1715 1177 1799 μετὰ
1204 1717 1330 1796 πάντων

9 1833 10 1836 ’
50 1843 104 1897 τῶν
127 1836 269 1899 δικαίων
294 1839 552 1922 καί-προνομίων
576 1831 687 1916 αύτυύ,
716 1833 815 1922 ἤγουν
843 1833 980 1921 δένδρων
1009 1833 1221 1924 ἐλαιοφόρον,
1252 1840 1331 1922 υίρο-

50 1962 137 2042 οίμου
174 1967 241 2046 γῆς
269 1981 305 2023 τε
340 1962 401 2024 καί
433 1964 606 2046 χερσαίας,
642 1959 726 2024 ἔνθα
755 1956 792 2024 ἂν
816 1963 872 2023 καί
900 1959 1060 2024 διάκειται
1087 1963 1172 2024 κατὰ
1200 1963 1325 2038 τόπους,

9 2077 10 2118 ³
51 2079 134 2146 ἅτινα
170 2085 232 2146 καί
268 2079 434 2171 όφείλυυσι
465 2085 687 2169 κατατεθῆναι
722 2079 754 2148 όν
789 2080 886 2168 ότίριρ
921 2082 1106 2169 λεπτομερεῖ
1139 2083 1327 2171 καταστίχιμ

9 2207 11 2284 ᾗ
50 2203 139 2290 ἤγουν
164 2208 208 2269 τὰ
236 2205 347 2290 βιβλία
370 2213 427 2270 καί
449 2209 489 2271 τὰ
508 2204 602 2293 έτιρα
625 2210 728 2274 πάντα
752 2209 792 2270 τὰ
815 2209 1022 2293 κατεχόμενα
1037 2205 1124 2292 παρδι
1147 2217 1203 2272 τού
1227 2205 1324 2273 αύτού

9 2307 11 2430 ἶ
52 2333 216 2416 μετυχίοο,
248 2333 308 2393 καί
335 2327 474 2418 όφείλεις
499 2331 540 2395 σύ
568 2327 587 2394 ό
614 2331 863 2417 καθηγούμενος
892 2334 949 2404 καί
978 2329 1008 2395 οί
1035 2326 1094 2396 όπύ
1116 2335 1159 2395 ,σί
1188 2337 1325 2418 μοναχυί

52 2461 98 2515 ιυύ
123 2453 333 2538 παραλαβεῖν
363 2461 463 2518 ταῦτα
491 2451 553 2520 ἀπὸ
582 2463 638 2541 τῆς
666 2457 814 2542 σήμερον,
842 2452 941 2542 ἤγουν
969 2458 1004 2518 τύ
1034 2457 1183 2541 μετόχιον
1207 2461 1265 2520 καί
1288 2459 1329 2522 τὰ

9 2515 12 2662 ⁵
52 2575 80 2638 έν
104 2572 194 2662 αύτῷ
221 2578 500 2662 πρυσκυρωθέντυι
527 2578 640 2642 δίκαια
667 2581 724 2642 καί
753 2575 841 2663 ἔχειν
869 2573 1119 2664 ύμᾶςέξυυσίαν
1147 2587 1203 2643 τού
1220 2591 1327 2651 ,ποιεῖν

9 2665 11 2732 3
53 2695 91 2762 ἐπ’
117 2695 224 2786 αύτῷ,
256 2696 336 2786 ὅπερ
365 2699 428 2786 ἄρα
455 2705 510 2766 καί
539 2701 712 2786 βούλεσθε,
741 2697 759 2766 ό
787 2701 823 2765 δέ
847 2721 883 2780 γε
910 2705 1144 2788 πανιιριύτατυς
1168 2723 1326 2792 μητροπο-

9 2815 11 2896 ί
52 2825 129 2910 ίίτης
158 2823 315 2911 Σμύρνης
343 2821 464 2912 όφείλιι
493 2823 581 2912 ἔχειν
609 2827 665 2912 τῆν
693 2823 856 2914 ἀναφορὰν
888 2822 1070 2898 αότούκαί
1100 2829 1208 2914 μόνην.
1239 2824 1328 2900 ὅστις

9 2907 11 2982 7
52 2947 82 3010 δέ
108 2946 140 3023 ἐξ
165 2943 265 3035 ἡμῶν
295 2952 373 3012 κοτέ
401 2959 461 3013 τύν
489 2959 609 3034 καιρῶν
634 2949 782 3036 βουληθῆ
807 2947 857 3014 έπί
881 2947 1035 3036 ἀθετῆσαι
1063 2959 1118 3014 τού
1141 2957 1216 3036 παρ’
1245 2950 1323 3036 ἐμοῦ

9 3061 10 3076 ³
55 3075 225 3150 γεγονότος
243 3069 436 3159 ἐκδυτηρίου
459 3071 630 3162 έγγρύφου,
667 3073 709 3160 μῆ
734 3076 829 3159 μόνον
853 3075 909 3160 τῆν
933 3083 988 3138 τού
1023 3075 1180 3160 δημοσίου
1205 3071 1328 3154 ἀγανό-

53 3215 153 3280 ιτησιν
183 3191 421 3283 ύποστῆσεται,
451 3193 535 3262 ἀλλὰ
557 3199 613 3262 καί
636 3200 693 3270 τὰς
718 3195 798 3283 ἀρὰς
821 3196 1029 3262 ἐπισπάσεται
1052 3207 1112 3261 των
1136 3203 1325 3282 τριακοσίων

53 3317 275 3386 ὀκτωκαίδεκα
304 3317 404 3399 ἁγίων
427 3323 594 3409 θεοφύρων
621 3325 762 3407 πατέρων
792 3331 852 3386 τύν
880 3319 912 3386 όν
939 3319 1072 3404 Νικαίογ,
1101 3325 1157 3385 καί
1185 3319 1205 3408 ἡ
1237 3327 1325 3408 μερίς

9 3477 10 3522 γ
55 3440 138 3510 τὸτοῦ
162 3447 252 3531 μετὰ
277 3451 336 3508 τού
359 3445 515 3530 προδότου
539 3445 644 3511 Ἰούδα
666 3446 900 3532 λογισθήσεται
923 3449 979 3510 καί
1007 3449 1086 3531 μετὰ
1115 3457 1174 3510 τῶν
1204 3467 1326 3531 κεκρα-

54 3572 150 3645 γότων*
174 3567 277 3656 ἆρον,
303 3565 392 3654 ἆρον,
421 3571 603 3654 σταύρωσον
630 3571 684 3635 τόν
712 3567 777 3634 υίύν
805 3577 860 3634 τού
888 3572 979 3638 θεοῦ.
1010 3575 1118 3657 μηνί
1146 3577 1324 3657 μαρτίιρ

54 3689 121 3758 ὶνδ.
156 3694 191 3762 ε’.
232 3694 377 3765 ἔτους
411 3692 514 3779 ,ςψγί
547 3697 577 3774 †.
1104 3761 1106 3768 ,

125 3817 214 3900 †‘0
245 3817 424 3889 δούλυς
457 3826 535 3882 τού
569 3825 803 3903 κραταιοῦ
830 3821 909 3882 καί
938 3815 1073 3898 ἁγίου
1101 3815 1223 3906 ἡμῶν
1253 3814 1323 3883 αύ-

9 4013 10 4030 2
56 3939 1325 4026 θέντοοκαίβασιλέωςΓεώργιοςόΚαλυειδᾶς,ιδςτύ

56 4061 147 4155 ύφος
183 4068 344 4156 δηλοῖ,
383 4076 622 4150 μαρτυρῶν
656 4061 953 4152 ύπέγραψαγ.

122 4191 210 4274 γὉ
241 4189 424 4262 δούλως
458 4197 535 4252 τού
569 4197 805 4275 κραταιοῦ
833 4194 910 4254 καί
938 4185 1224 4276 ἁγίουὴμῶν
1253 4185 1323 4253 αύ-

57 4315 208 4384 θὲντου
256 4317 344 4381 καί
390 4313 621 4397 βασιλέως
656 4311 875 4398 Μανουηλ
913 4312 930 4382 δ
973 4313 1231 4400 Θρακῆσης,
1272 4309 1325 4386 ὣς

58 4437 220 4532 τύύφος
259 4439 416 4526 δηλοῖ,
453 4448 692 4524 μαρτυρῶν
728 4434 936 4524 ύπέγραψ
1004 4442 1033 4519 †.

9 4627 11 4634 ,
123 4572 144 4648 †
177 4565 440 4648 Θεόδωρος
474 4559 628 4648 ἱερεύς
663 4565 742 4632 καί
775 4563 973 4648 νομικός
1012 4569 1090 4648 τῆς
1130 4560 1324 4641 οίγιωτοί-

61 4707 117 4774 της
144 4685 498 4780 μητροπόλεως
532 4682 740 4773 Σμύρνης
768 4689 848 4750 καί
875 4682 1065 4771 ένορίας
1093 4682 1325 4762 Μύνταςὸ
