<?xml version="1.0" encoding="UTF-8"?>
<!DOCTYPE html PUBLIC "-//W3C//DTD XHTML 1.0 Transitional//EN"
    "http://www.w3.org/TR/xhtml1/DTD/xhtml1-transitional.dtd">
<html xmlns="http://www.w3.org/1999/xhtml" xml:lang="en" lang="en">
 <head>
  <title>
</title>
<meta http-equiv="Content-Type" content="text/html;charset=utf-8" />
  <meta name='ocr-system' content='tesseract 3.04.00' />
  <meta name='ocr-capabilities' content='ocr_page ocr_carea ocr_par ocr_line ocrx_word'/>
</head>
<body>
  <div class='ocr_page' id='page_1' title='image "./actaetdiplomata04miklgoog_0445.png"; bbox 0 0 3168 5274; ppageno 0'>
   <div class='ocr_carea' id='block_1_1' title="bbox 270 249 333 316">
    <p class='ocr_par' dir='ltr' id='par_1_1' title="bbox 270 249 333 316">
     <span class='ocr_line' id='line_1_1' title="bbox 270 249 333 316; baseline 0 -3"><span class='ocrx_word' id='word_1_1' title='bbox 270 249 333 316; x_wconf 76' lang='lat'>354</span> 
     </span>
    </p>
   </div>
   <div class='ocr_carea' id='block_1_2' title="bbox 265 440 1576 4619">
    <p class='ocr_par' dir='ltr' id='par_1_2' title="bbox 265 440 1576 4619">
     <span class='ocr_line' id='line_1_2' title="bbox 271 440 1537 533; baseline 0.002 -25"><span class='ocrx_word' id='word_1_2' title='bbox 271 442 398 508; x_wconf 76' lang='grc' dir='ltr'>ύδιντο·</span> <span class='ocrx_word' id='word_1_3' title='bbox 417 441 463 517; x_wconf 85' lang='grc' dir='ltr'>υύς</span> <span class='ocrx_word' id='word_1_4' title='bbox 481 440 576 530; x_wconf 83' lang='grc' dir='ltr'>γὰρὴ</span> <span class='ocrx_word' id='word_1_5' title='bbox 601 444 681 530; x_wconf 79' lang='grc' dir='ltr'>μονὴ</span> <span class='ocrx_word' id='word_1_6' title='bbox 705 443 850 520; x_wconf 73' lang='grc' dir='ltr'>διενίξιις</span> <span class='ocrx_word' id='word_1_7' title='bbox 875 443 912 520; x_wconf 71' lang='grc' dir='ltr'>ἑκ</span> <span class='ocrx_word' id='word_1_8' title='bbox 936 454 993 512; x_wconf 90' lang='grc' dir='ltr'>τού</span> <span class='ocrx_word' id='word_1_9' title='bbox 1008 449 1124 532; x_wconf 69' lang='grc' dir='ltr'>μέρους</span> <span class='ocrx_word' id='word_1_10' title='bbox 1147 454 1204 532; x_wconf 84' lang='grc' dir='ltr'>της</span> <span class='ocrx_word' id='word_1_11' title='bbox 1229 445 1405 532; x_wconf 73' lang='grc' dir='ltr'>δτιυκοαης</span> <span class='ocrx_word' id='word_1_12' title='bbox 1426 447 1537 533; x_wconf 84' lang='grc' dir='ltr'>Δημη·</span> 
     </span>
     <span class='ocr_line' id='line_1_3' title="bbox 273 565 1538 656; baseline 0.005 -26"><span class='ocrx_word' id='word_1_13' title='bbox 273 566 401 654; x_wconf 97' lang='grc' dir='ltr'>τριάδος</span> <span class='ocrx_word' id='word_1_14' title='bbox 424 565 504 654; x_wconf 76' lang='grc' dir='ltr'>ἔσχε</span> <span class='ocrx_word' id='word_1_15' title='bbox 526 565 583 632; x_wconf 80' lang='grc' dir='ltr'>καὶ</span> <span class='ocrx_word' id='word_1_16' title='bbox 606 571 788 654; x_wconf 80' lang='grc' dir='ltr'>πράγματα,</span> <span class='ocrx_word' id='word_1_17' title='bbox 813 570 936 644; x_wconf 88' lang='grc' dir='ltr'>τούτοις</span> <span class='ocrx_word' id='word_1_18' title='bbox 959 570 1111 656; x_wconf 79' lang='grc' dir='ltr'><strong>λαμπρῶς</strong></span> <span class='ocrx_word' id='word_1_19' title='bbox 1133 574 1190 636; x_wconf 86' lang='grc' dir='ltr'>καί</span> <span class='ocrx_word' id='word_1_20' title='bbox 1214 567 1447 656; x_wconf 79' lang='grc' dir='ltr'>ἀναντιρρητως</span> <span class='ocrx_word' id='word_1_21' title='bbox 1476 591 1538 636; x_wconf 84' lang='grc' dir='ltr'>κα·</span> 
     </span>
     <span class='ocr_line' id='line_1_4' title="bbox 274 687 1538 780; baseline 0.002 -26"><span class='ocrx_word' id='word_1_22' title='bbox 274 691 442 777; x_wconf 83' lang='grc' dir='ltr'>τριαρχικη</span> <span class='ocrx_word' id='word_1_23' title='bbox 461 687 613 778; x_wconf 80' lang='grc' dir='ltr'>ἀνεφάνη,</span> <span class='ocrx_word' id='word_1_24' title='bbox 630 694 687 756; x_wconf 80' lang='grc' dir='ltr'>καί</span> <span class='ocrx_word' id='word_1_25' title='bbox 702 695 737 756; x_wconf 84' lang='grc' dir='ltr'>τά</span> <span class='ocrx_word' id='word_1_26' title='bbox 754 691 901 758; x_wconf 70' lang='grc' dir='ltr'>ἐντεῦθεν</span> <span class='ocrx_word' id='word_1_27' title='bbox 918 694 1119 760; x_wconf 81' lang='grc' dir='ltr'>διαναστᾶσα</span> <span class='ocrx_word' id='word_1_28' title='bbox 1133 703 1375 780; x_wconf 84' lang='grc' dir='ltr'>τιατριαρχικοίς</span> <span class='ocrx_word' id='word_1_29' title='bbox 1390 715 1423 758; x_wconf 83' lang='grc' dir='ltr'>τε</span> <span class='ocrx_word' id='word_1_30' title='bbox 1439 715 1538 758; x_wconf 82' lang='grc' dir='ltr'>κατω-</span> 
     </span>
     <span class='ocr_line' id='line_1_5' title="bbox 274 810 1539 904; baseline -0.001 -23"><span class='ocrx_word' id='word_1_31' title='bbox 274 817 409 902; x_wconf 80' lang='grc' dir='ltr'>χυρύθη</span> <span class='ocrx_word' id='word_1_32' title='bbox 427 810 632 901; x_wconf 85' lang='grc' dir='ltr'>ύτιομνήμασι</span> <span class='ocrx_word' id='word_1_33' title='bbox 648 825 706 880; x_wconf 83' lang='grc' dir='ltr'>τῶν</span> <span class='ocrx_word' id='word_1_34' title='bbox 725 813 909 895; x_wconf 79' lang='grc' dir='ltr'>ἁγιωτάτων</span> <span class='ocrx_word' id='word_1_35' title='bbox 931 827 1145 903; x_wconf 81' lang='grc' dir='ltr'>τιατριαρχῶν,</span> <span class='ocrx_word' id='word_1_36' title='bbox 1170 826 1226 880; x_wconf 89' lang='grc' dir='ltr'>τού</span> <span class='ocrx_word' id='word_1_37' title='bbox 1249 839 1283 882; x_wconf 84' lang='grc' dir='ltr'>τε</span> <span class='ocrx_word' id='word_1_38' title='bbox 1307 825 1404 904; x_wconf 87' lang='grc' dir='ltr'>κυρού</span> <span class='ocrx_word' id='word_1_39' title='bbox 1419 815 1539 902; x_wconf 84' lang='grc' dir='ltr'>Γερμα·</span> 
     </span>
     <span class='ocr_line' id='line_1_6' title="bbox 272 935 1539 1030; baseline 0.002 -28"><span class='ocrx_word' id='word_1_40' title='bbox 272 947 327 1005; x_wconf 80' lang='grc' dir='ltr'>νοῦ</span> <span class='ocrx_word' id='word_1_41' title='bbox 344 942 400 1003; x_wconf 80' lang='grc' dir='ltr'>καί</span> <span class='ocrx_word' id='word_1_42' title='bbox 416 945 471 1002; x_wconf 83' lang='grc' dir='ltr'>τού</span> <span class='ocrx_word' id='word_1_43' title='bbox 487 946 585 1024; x_wconf 86' lang='grc' dir='ltr'>κυρού</span> <span class='ocrx_word' id='word_1_44' title='bbox 601 935 754 1030; x_wconf 80' lang='grc' dir='ltr'>Μανοοηλ</span> <span class='ocrx_word' id='word_1_45' title='bbox 773 943 831 1005; x_wconf 80' lang='grc' dir='ltr'>καί</span> <span class='ocrx_word' id='word_1_46' title='bbox 846 939 905 1024; x_wconf 85' lang='grc' dir='ltr'>τρύ</span> <span class='ocrx_word' id='word_1_47' title='bbox 925 939 990 1004; x_wconf 84' lang='grc' dir='ltr'>τῶν</span> <span class='ocrx_word' id='word_1_48' title='bbox 1005 935 1238 1026; x_wconf 78' lang='grc' dir='ltr'>ὑπομνημάτων</span> <span class='ocrx_word' id='word_1_49' title='bbox 1254 941 1290 1004; x_wconf 78' lang='grc' dir='ltr'>δὲ</span> <span class='ocrx_word' id='word_1_50' title='bbox 1313 943 1430 1006; x_wconf 84' lang='grc' dir='ltr'>τούτων</span> <span class='ocrx_word' id='word_1_51' title='bbox 1447 961 1539 1006; x_wconf 82' lang='grc' dir='ltr'>κατε-</span> 
     </span>
     <span class='ocr_line' id='line_1_7' title="bbox 270 1061 1537 1154; baseline 0 -28"><span class='ocrx_word' id='word_1_52' title='bbox 270 1063 395 1138; x_wconf 74' lang='grc' dir='ltr'>ξύτασιν</span> <span class='ocrx_word' id='word_1_53' title='bbox 417 1061 586 1153; x_wconf 74' lang='grc' dir='ltr'>ἀπειλήφει</span> <span class='ocrx_word' id='word_1_54' title='bbox 601 1069 656 1130; x_wconf 83' lang='grc' dir='ltr'>τού</span> <span class='ocrx_word' id='word_1_55' title='bbox 674 1069 850 1152; x_wconf 89' lang='grc' dir='ltr'>μακαρίτου</span> <span class='ocrx_word' id='word_1_56' title='bbox 867 1063 993 1132; x_wconf 71' lang='grc' dir='ltr'>ἐκείνου</span> <span class='ocrx_word' id='word_1_57' title='bbox 1006 1066 1161 1130; x_wconf 77' lang='grc' dir='ltr'>δισκύτου</span> <span class='ocrx_word' id='word_1_58' title='bbox 1183 1073 1283 1150; x_wconf 84' lang='grc' dir='ltr'>κυροῦ</span> <span class='ocrx_word' id='word_1_59' title='bbox 1298 1063 1466 1152; x_wconf 82' lang='grc' dir='ltr'>Μανουήλ,</span> <span class='ocrx_word' id='word_1_60' title='bbox 1483 1068 1537 1154; x_wconf 78' lang='grc' dir='ltr'>φί-</span> 
     </span>
     <span class='ocr_line' id='line_1_8' title="bbox 274 1185 1538 1277; baseline 0.004 -26"><span class='ocrx_word' id='word_1_61' title='bbox 274 1207 390 1272; x_wconf 88' lang='grc' dir='ltr'>ρυοσαν</span> <span class='ocrx_word' id='word_1_62' title='bbox 415 1186 592 1277; x_wconf 77' lang='grc' dir='ltr'>ἐπιγραφὰς</span> <span class='ocrx_word' id='word_1_63' title='bbox 615 1192 671 1254; x_wconf 77' lang='grc' dir='ltr'>καί</span> <span class='ocrx_word' id='word_1_64' title='bbox 690 1187 794 1256; x_wconf 77' lang='grc' dir='ltr'>ἄλλων</span> <span class='ocrx_word' id='word_1_65' title='bbox 818 1193 875 1276; x_wconf 73' lang='grc' dir='ltr'>μὲν</span> <span class='ocrx_word' id='word_1_66' title='bbox 899 1187 1072 1277; x_wconf 81' lang='grc' dir='ltr'>ἀρχιερύων</span> <span class='ocrx_word' id='word_1_67' title='bbox 1095 1193 1164 1255; x_wconf 75' lang='grc' dir='ltr'>καί.</span> <span class='ocrx_word' id='word_1_68' title='bbox 1177 1185 1274 1254; x_wconf 83' lang='grc' dir='ltr'>αύτού</span> <span class='ocrx_word' id='word_1_69' title='bbox 1297 1190 1334 1256; x_wconf 81' lang='grc' dir='ltr'>δλ</span> <span class='ocrx_word' id='word_1_70' title='bbox 1357 1197 1413 1254; x_wconf 86' lang='grc' dir='ltr'>τού</span> <span class='ocrx_word' id='word_1_71' title='bbox 1429 1189 1538 1276; x_wconf 85' lang='grc' dir='ltr'>Δημη-</span> 
     </span>
     <span class='ocr_line' id='line_1_9' title="bbox 277 1309 1576 1401; baseline -0.001 -26"><span class='ocrx_word' id='word_1_72' title='bbox 277 1311 405 1397; x_wconf 82' lang='grc' dir='ltr'>τριάδυς</span> <span class='ocrx_word' id='word_1_73' title='bbox 420 1311 586 1378; x_wconf 88' lang='grc' dir='ltr'>Νικολάου</span> <span class='ocrx_word' id='word_1_74' title='bbox 601 1319 664 1385; x_wconf 81' lang='grc' dir='ltr'>,τού</span> <span class='ocrx_word' id='word_1_75' title='bbox 686 1311 814 1400; x_wconf 79' lang='grc' dir='ltr'>Βλαττη</span> <span class='ocrx_word' id='word_1_76' title='bbox 830 1321 886 1380; x_wconf 87' lang='grc' dir='ltr'>τού</span> <span class='ocrx_word' id='word_1_77' title='bbox 908 1317 1039 1400; x_wconf 83' lang='grc' dir='ltr'>τρωτως</span> <span class='ocrx_word' id='word_1_78' title='bbox 1055 1309 1132 1400; x_wconf 78' lang='grc' dir='ltr'>ύιιλρ</span> <span class='ocrx_word' id='word_1_79' title='bbox 1153 1321 1212 1400; x_wconf 79' lang='grc' dir='ltr'>τῆς</span> <span class='ocrx_word' id='word_1_80' title='bbox 1229 1321 1327 1401; x_wconf 80' lang='grc' dir='ltr'>μονῆς</span> <span class='ocrx_word' id='word_1_81' title='bbox 1343 1311 1539 1401; x_wconf 81' lang='grc' dir='ltr'>άμφιβαλύν-</span> <span class='ocrx_word' id='word_1_82' title='bbox 1575 1369 1576 1372; x_wconf 73' lang='grc'>,</span> 
     </span>
     <span class='ocr_line' id='line_1_10' title="bbox 276 1431 1539 1525; baseline 0.002 -27"><span class='ocrx_word' id='word_1_83' title='bbox 276 1455 344 1512; x_wconf 90' lang='grc' dir='ltr'>τος,</span> <span class='ocrx_word' id='word_1_84' title='bbox 373 1439 430 1500; x_wconf 83' lang='grc' dir='ltr'>καί</span> <span class='ocrx_word' id='word_1_85' title='bbox 454 1433 652 1524; x_wconf 78' lang='grc' dir='ltr'>παρίστησιν</span> <span class='ocrx_word' id='word_1_86' title='bbox 670 1435 829 1525; x_wconf 81' lang='grc' dir='ltr'>άριδηλως</span> <span class='ocrx_word' id='word_1_87' title='bbox 856 1434 937 1525; x_wconf 81' lang='grc' dir='ltr'>αύτη</span> <span class='ocrx_word' id='word_1_88' title='bbox 963 1434 983 1525; x_wconf 84' lang='grc' dir='ltr'><strong>ἡ</strong></span> <span class='ocrx_word' id='word_1_89' title='bbox 1007 1439 1227 1515; x_wconf 71' lang='grc' dir='ltr'>κατεξίτασις,</span> <span class='ocrx_word' id='word_1_90' title='bbox 1261 1431 1347 1525; x_wconf 75' lang='grc' dir='ltr'>ύςὴ</span> <span class='ocrx_word' id='word_1_91' title='bbox 1375 1438 1459 1523; x_wconf 86' lang='grc' dir='ltr'>μονη</span> <span class='ocrx_word' id='word_1_92' title='bbox 1485 1445 1539 1522; x_wconf 83' lang='grc' dir='ltr'>της</span> 
     </span>
     <span class='ocr_line' id='line_1_11' title="bbox 275 1554 1538 1648; baseline -0.001 -24"><span class='ocrx_word' id='word_1_93' title='bbox 275 1555 766 1648; x_wconf 80' lang='grc' dir='ltr'>Μακρινιτίσσης,τατριαρχικη</span> <span class='ocrx_word' id='word_1_94' title='bbox 790 1564 847 1626; x_wconf 84' lang='grc' dir='ltr'>καί</span> <span class='ocrx_word' id='word_1_95' title='bbox 869 1558 1132 1648; x_wconf 79' lang='grc' dir='ltr'>δύημητριάδος</span> <span class='ocrx_word' id='word_1_96' title='bbox 1155 1558 1321 1647; x_wconf 84' lang='grc' dir='ltr'>οἰμιτύχως</span> <span class='ocrx_word' id='word_1_97' title='bbox 1344 1554 1420 1644; x_wconf 77' lang='grc' dir='ltr'>ύτλρ</span> <span class='ocrx_word' id='word_1_98' title='bbox 1446 1555 1538 1645; x_wconf 81' lang='grc' dir='ltr'>αύτης</span> 
     </span>
     <span class='ocr_line' id='line_1_12' title="bbox 276 1681 1538 1773; baseline -0.001 -27"><span class='ocrx_word' id='word_1_99' title='bbox 276 1683 463 1761; x_wconf 84' lang='grc' dir='ltr'>διτνίστατο,</span> <span class='ocrx_word' id='word_1_100' title='bbox 487 1686 540 1750; x_wconf 88' lang='grc' dir='ltr'>ναί</span> <span class='ocrx_word' id='word_1_101' title='bbox 561 1684 623 1770; x_wconf 85' lang='grc' dir='ltr'>μην</span> <span class='ocrx_word' id='word_1_102' title='bbox 638 1687 694 1749; x_wconf 84' lang='grc' dir='ltr'>καί</span> <span class='ocrx_word' id='word_1_103' title='bbox 710 1681 727 1748; x_wconf 99' lang='lat'><em>6</em></span> <span class='ocrx_word' id='word_1_104' title='bbox 742 1683 967 1773; x_wconf 82' lang='grc' dir='ltr'>Δημητριάδος</span> <span class='ocrx_word' id='word_1_105' title='bbox 982 1681 1217 1758; x_wconf 75' lang='grc' dir='ltr'>δτισκοτιύσας</span> <span class='ocrx_word' id='word_1_106' title='bbox 1233 1687 1312 1771; x_wconf 77' lang='grc' dir='ltr'>μετὰ</span> <span class='ocrx_word' id='word_1_107' title='bbox 1327 1685 1380 1748; x_wconf 84' lang='grc' dir='ltr'>τύν</span> <span class='ocrx_word' id='word_1_108' title='bbox 1394 1683 1538 1769; x_wconf 77' lang='grc' dir='ltr'>Βλαιτῆν</span> 
     </span>
     <span class='ocr_line' id='line_1_13' title="bbox 276 1803 1539 1898; baseline 0.001 -25"><span class='ocrx_word' id='word_1_109' title='bbox 276 1805 438 1896; x_wconf 85' lang='grc' dir='ltr'>Νεύφυτος</span> <span class='ocrx_word' id='word_1_110' title='bbox 460 1809 599 1896; x_wconf 82' lang='grc' dir='ltr'>δηλωσιν</span> <span class='ocrx_word' id='word_1_111' title='bbox 623 1807 784 1898; x_wconf 78' lang='grc' dir='ltr'>ἔγγραφον</span> <span class='ocrx_word' id='word_1_112' title='bbox 812 1807 944 1884; x_wconf 55' lang='lat' dir='ltr'>&amp;emto</span> <span class='ocrx_word' id='word_1_113' title='bbox 971 1812 1029 1886; x_wconf 82' lang='grc' dir='ltr'>καί</span> <span class='ocrx_word' id='word_1_114' title='bbox 1057 1804 1169 1885; x_wconf 83' lang='grc' dir='ltr'>αύτύς,</span> <span class='ocrx_word' id='word_1_115' title='bbox 1197 1811 1253 1886; x_wconf 80' lang='grc' dir='ltr'>καί</span> <span class='ocrx_word' id='word_1_116' title='bbox 1280 1803 1364 1882; x_wconf 84' lang='grc' dir='ltr'>ύτως</span> <span class='ocrx_word' id='word_1_117' title='bbox 1387 1805 1404 1874; x_wconf 94' lang='lat'><em>6</em></span> <span class='ocrx_word' id='word_1_118' title='bbox 1429 1809 1539 1894; x_wconf 88' lang='grc' dir='ltr'>Δημη·</span> 
     </span>
     <span class='ocr_line' id='line_1_14' title="bbox 275 1928 1576 2020; baseline 0 -25"><span class='ocrx_word' id='word_1_119' title='bbox 275 1931 403 2018; x_wconf 88' lang='grc' dir='ltr'>τριάδος</span> <span class='ocrx_word' id='word_1_120' title='bbox 424 1928 616 2019; x_wconf 76' lang='grc' dir='ltr'>υύμιτίχει</span> <span class='ocrx_word' id='word_1_121' title='bbox 639 1929 685 2006; x_wconf 78' lang='grc' dir='ltr'>τίς</span> <span class='ocrx_word' id='word_1_122' title='bbox 699 1934 765 2020; x_wconf 69' lang='grc' dir='ltr'>»την</span> <span class='ocrx_word' id='word_1_123' title='bbox 787 1933 886 2020; x_wconf 78' lang='grc' dir='ltr'>μυνην</span> <span class='ocrx_word' id='word_1_124' title='bbox 913 1935 1030 2020; x_wconf 88' lang='grc' dir='ltr'>ταύτην</span> <span class='ocrx_word' id='word_1_125' title='bbox 1054 1941 1111 2018; x_wconf 77' lang='grc' dir='ltr'>της</span> <span class='ocrx_word' id='word_1_126' title='bbox 1139 1931 1399 2019; x_wconf 85' lang='grc' dir='ltr'>Μακρινιτίσσης,</span> <span class='ocrx_word' id='word_1_127' title='bbox 1424 1933 1539 1996; x_wconf 88' lang='grc' dir='ltr'>διαοα-</span> <span class='ocrx_word' id='word_1_128' title='bbox 1575 1957 1576 1962; x_wconf 57' lang='grc'>’</span> 
     </span>
     <span class='ocr_line' id='line_1_15' title="bbox 275 2051 1536 2144; baseline -0.002 -24"><span class='ocrx_word' id='word_1_129' title='bbox 275 2064 328 2143; x_wconf 81' lang='grc' dir='ltr'>φοί</span> <span class='ocrx_word' id='word_1_130' title='bbox 354 2051 546 2144; x_wconf 74' lang='grc' dir='ltr'>ἀναφανδὸν,</span> <span class='ocrx_word' id='word_1_131' title='bbox 568 2055 801 2144; x_wconf 81' lang='grc' dir='ltr'>αατριαρχικήν</span> <span class='ocrx_word' id='word_1_132' title='bbox 828 2055 909 2121; x_wconf 80' lang='grc' dir='ltr'>εἰναι</span> <span class='ocrx_word' id='word_1_133' title='bbox 942 2057 1059 2144; x_wconf 88' lang='grc' dir='ltr'>ταύτην</span> <span class='ocrx_word' id='word_1_134' title='bbox 1087 2053 1263 2142; x_wconf 78' lang='grc' dir='ltr'>ὁμολογῶν,</span> <span class='ocrx_word' id='word_1_135' title='bbox 1287 2059 1342 2121; x_wconf 84' lang='grc' dir='ltr'>καὶ</span> <span class='ocrx_word' id='word_1_136' title='bbox 1369 2055 1473 2130; x_wconf 71' lang='grc' dir='ltr'>ἔξεστι</span> <span class='ocrx_word' id='word_1_137' title='bbox 1499 2053 1536 2139; x_wconf 74' lang='grc' dir='ltr'>τῷ</span> 
     </span>
     <span class='ocr_line' id='line_1_16' title="bbox 276 2175 1576 2266; baseline -0.003 -22"><span class='ocrx_word' id='word_1_138' title='bbox 276 2178 458 2264; x_wconf 80' lang='grc' dir='ltr'>βοολομίνιρ</span> <span class='ocrx_word' id='word_1_139' title='bbox 474 2180 554 2244; x_wconf 74' lang='grc' dir='ltr'>καθ’</span> <span class='ocrx_word' id='word_1_140' title='bbox 574 2175 699 2244; x_wconf 67' lang='grc' dir='ltr'>ἕκαστα</span> <span class='ocrx_word' id='word_1_141' title='bbox 715 2189 776 2245; x_wconf 85' lang='grc' dir='ltr'>των</span> <span class='ocrx_word' id='word_1_142' title='bbox 792 2181 1015 2266; x_wconf 75' lang='grc' dir='ltr'>δικαιωμάτων</span> <span class='ocrx_word' id='word_1_143' title='bbox 1032 2179 1252 2260; x_wconf 79' lang='grc' dir='ltr'>ἀναλίγιοδαι</span> <span class='ocrx_word' id='word_1_144' title='bbox 1274 2183 1331 2244; x_wconf 89' lang='grc' dir='ltr'>καί</span> <span class='ocrx_word' id='word_1_145' title='bbox 1347 2185 1402 2265; x_wconf 84' lang='grc' dir='ltr'>την</span> <span class='ocrx_word' id='word_1_146' title='bbox 1427 2181 1539 2244; x_wconf 87' lang='grc' dir='ltr'>τούτων</span> <span class='ocrx_word' id='word_1_147' title='bbox 1575 2225 1576 2228; x_wconf 22' lang='grc' dir='ltr'>ι</span> 
     </span>
     <span class='ocr_line' id='line_1_17' title="bbox 275 2299 1538 2392; baseline 0 -27"><span class='ocrx_word' id='word_1_148' title='bbox 275 2299 497 2387; x_wconf 72' lang='grc' dir='ltr'>ἀναγνωρίῑτιν</span> <span class='ocrx_word' id='word_1_149' title='bbox 523 2303 655 2390; x_wconf 88' lang='grc' dir='ltr'>δύναμιν</span> <span class='ocrx_word' id='word_1_150' title='bbox 682 2307 738 2368; x_wconf 82' lang='grc' dir='ltr'>καί</span> <span class='ocrx_word' id='word_1_151' title='bbox 761 2309 936 2390; x_wconf 76' lang='grc' dir='ltr'>γνωρίζειν,</span> <span class='ocrx_word' id='word_1_152' title='bbox 971 2301 1055 2378; x_wconf 81' lang='grc' dir='ltr'>ὅπως</span> <span class='ocrx_word' id='word_1_153' title='bbox 1078 2300 1098 2392; x_wconf 78' lang='grc' dir='ltr'>ἡ</span> <span class='ocrx_word' id='word_1_154' title='bbox 1123 2305 1203 2391; x_wconf 78' lang='grc' dir='ltr'>μυνη</span> <span class='ocrx_word' id='word_1_155' title='bbox 1230 2305 1453 2390; x_wconf 78' lang='grc' dir='ltr'>τατριαρχικὴ</span> <span class='ocrx_word' id='word_1_156' title='bbox 1486 2306 1538 2367; x_wconf 83' lang='grc' dir='ltr'>καὶ</span> 
     </span>
     <span class='ocr_line' id='line_1_18' title="bbox 276 2421 1537 2516; baseline 0 -26"><span class='ocrx_word' id='word_1_157' title='bbox 276 2421 427 2510; x_wconf 85' lang='grc' dir='ltr'>ούδτμίαν</span> <span class='ocrx_word' id='word_1_158' title='bbox 455 2428 596 2514; x_wconf 76' lang='grc' dir='ltr'>μετοχὴν</span> <span class='ocrx_word' id='word_1_159' title='bbox 619 2425 636 2494; x_wconf 95' lang='lat'><em>6</em></span> <span class='ocrx_word' id='word_1_160' title='bbox 659 2425 883 2516; x_wconf 84' lang='grc' dir='ltr'>Δημητριάδος</span> <span class='ocrx_word' id='word_1_161' title='bbox 906 2425 939 2492; x_wconf 73' lang='grc' dir='ltr'>ἐν</span> <span class='ocrx_word' id='word_1_162' title='bbox 965 2423 1046 2515; x_wconf 74' lang='grc' dir='ltr'>αὐτῇ</span> <span class='ocrx_word' id='word_1_163' title='bbox 1069 2431 1238 2515; x_wconf 82' lang='grc' dir='ltr'>κίκτηται,</span> <span class='ocrx_word' id='word_1_164' title='bbox 1266 2421 1304 2492; x_wconf 82' lang='grc' dir='ltr'>ού</span> <span class='ocrx_word' id='word_1_165' title='bbox 1328 2431 1425 2513; x_wconf 86' lang='grc' dir='ltr'>μόνον</span> <span class='ocrx_word' id='word_1_166' title='bbox 1449 2428 1484 2492; x_wconf 76' lang='grc' dir='ltr'>δὲ</span> <span class='ocrx_word' id='word_1_167' title='bbox 1508 2425 1537 2490; x_wconf 75' lang='grc' dir='ltr'>δν</span> 
     </span>
     <span class='ocr_line' id='line_1_19' title="bbox 276 2543 1537 2639; baseline 0 -25"><span class='ocrx_word' id='word_1_168' title='bbox 276 2543 371 2636; x_wconf 71' lang='grc' dir='ltr'>αύτη,</span> <span class='ocrx_word' id='word_1_169' title='bbox 397 2547 467 2615; x_wconf 78' lang='grc' dir='ltr'>ἀλλ’</span> <span class='ocrx_word' id='word_1_170' title='bbox 495 2548 568 2616; x_wconf 82' lang='grc' dir='ltr'>ούτε</span> <span class='ocrx_word' id='word_1_171' title='bbox 597 2547 629 2615; x_wconf 78' lang='grc' dir='ltr'>ἐν</span> <span class='ocrx_word' id='word_1_172' title='bbox 657 2551 700 2637; x_wconf 70' lang='grc' dir='ltr'>τῷ</span> <span class='ocrx_word' id='word_1_173' title='bbox 724 2553 929 2639; x_wconf 83' lang='grc' dir='ltr'>παραλαυρίμ</span> <span class='ocrx_word' id='word_1_174' title='bbox 953 2545 1050 2638; x_wconf 77' lang='grc' dir='ltr'>αύτης</span> <span class='ocrx_word' id='word_1_175' title='bbox 1073 2550 1119 2636; x_wconf 77' lang='grc' dir='ltr'>αφ’</span> <span class='ocrx_word' id='word_1_176' title='bbox 1141 2551 1190 2616; x_wconf 77' lang='grc' dir='ltr'>λα’</span> <span class='ocrx_word' id='word_1_177' title='bbox 1218 2548 1349 2636; x_wconf 87' lang='grc' dir='ltr'>ύνύμοιτι</span> <span class='ocrx_word' id='word_1_178' title='bbox 1371 2557 1429 2616; x_wconf 82' lang='grc' dir='ltr'>τού</span> <span class='ocrx_word' id='word_1_179' title='bbox 1453 2549 1537 2615; x_wconf 86' lang='grc' dir='ltr'>ύσίου</span> 
     </span>
     <span class='ocr_line' id='line_1_20' title="bbox 274 2669 1537 2763; baseline -0.002 -23"><span class='ocrx_word' id='word_1_180' title='bbox 274 2670 470 2762; x_wconf 81' lang='grc' dir='ltr'>’θνουφρίυυ</span> <span class='ocrx_word' id='word_1_181' title='bbox 494 2669 627 2761; x_wconf 81' lang='grc' dir='ltr'>ὅτιγὰρ</span> <span class='ocrx_word' id='word_1_182' title='bbox 652 2678 709 2740; x_wconf 82' lang='grc' dir='ltr'>καί</span> <span class='ocrx_word' id='word_1_183' title='bbox 732 2671 749 2740; x_wconf 96' lang='lat'><em>6</em></span> <span class='ocrx_word' id='word_1_184' title='bbox 774 2671 860 2748; x_wconf 89' lang='grc' dir='ltr'>ύσιος</span> <span class='ocrx_word' id='word_1_185' title='bbox 883 2673 1066 2763; x_wconf 84' lang='grc' dir='ltr'>Ὀνούφριος</span> <span class='ocrx_word' id='word_1_186' title='bbox 1082 2677 1323 2762; x_wconf 80' lang='grc' dir='ltr'>καιριαρχικύν,</span> <span class='ocrx_word' id='word_1_187' title='bbox 1348 2677 1383 2742; x_wconf 84' lang='grc' dir='ltr'>τύ</span> <span class='ocrx_word' id='word_1_188' title='bbox 1408 2677 1537 2761; x_wconf 83' lang='grc' dir='ltr'>γράμμα</span> 
     </span>
     <span class='ocr_line' id='line_1_21' title="bbox 274 2796 1537 2886; baseline 0 -25"><span class='ocrx_word' id='word_1_189' title='bbox 274 2796 436 2884; x_wconf 83' lang='grc' dir='ltr'>διατρανοῖ</span> <span class='ocrx_word' id='word_1_190' title='bbox 457 2807 523 2864; x_wconf 77' lang='grc' dir='ltr'>τού·</span> <span class='ocrx_word' id='word_1_191' title='bbox 536 2797 579 2884; x_wconf 81' lang='grc' dir='ltr'>τῷ</span> <span class='ocrx_word' id='word_1_192' title='bbox 599 2802 670 2864; x_wconf 85' lang='grc' dir='ltr'>τύτε</span> <span class='ocrx_word' id='word_1_193' title='bbox 693 2799 797 2886; x_wconf 77' lang='grc' dir='ltr'>καιρηῖ</span> <span class='ocrx_word' id='word_1_194' title='bbox 818 2801 859 2863; x_wconf 83' lang='grc' dir='ltr'>τὰ</span> <span class='ocrx_word' id='word_1_195' title='bbox 874 2801 1090 2886; x_wconf 82' lang='grc' dir='ltr'>τατριαρχικδι</span> <span class='ocrx_word' id='word_1_196' title='bbox 1114 2799 1219 2864; x_wconf 76' lang='grc' dir='ltr'>ὲκτῖσε</span> <span class='ocrx_word' id='word_1_197' title='bbox 1242 2799 1406 2875; x_wconf 71' lang='grc' dir='ltr'>διέποντος</span> <span class='ocrx_word' id='word_1_198' title='bbox 1429 2798 1537 2864; x_wconf 84' lang='grc' dir='ltr'>δίκαια</span> 
     </span>
     <span class='ocr_line' id='line_1_22' title="bbox 273 2919 1534 3011; baseline 0 -23"><span class='ocrx_word' id='word_1_199' title='bbox 273 2919 419 2988; x_wconf 85' lang='grc' dir='ltr'>Ἰωάννου</span> <span class='ocrx_word' id='word_1_200' title='bbox 442 2923 592 2996; x_wconf 79' lang='grc' dir='ltr'>διακόνου</span> <span class='ocrx_word' id='word_1_201' title='bbox 616 2931 670 2988; x_wconf 87' lang='grc' dir='ltr'>τού</span> <span class='ocrx_word' id='word_1_202' title='bbox 693 2922 840 2990; x_wconf 79' lang='grc' dir='ltr'>Ἀττικοῦ</span> <span class='ocrx_word' id='word_1_203' title='bbox 865 2926 899 2991; x_wconf 84' lang='grc' dir='ltr'>τά</span> <span class='ocrx_word' id='word_1_204' title='bbox 922 2926 977 2988; x_wconf 87' lang='grc' dir='ltr'>διά</span> <span class='ocrx_word' id='word_1_205' title='bbox 1000 2945 1070 2988; x_wconf 86' lang='grc' dir='ltr'>τινα</span> <span class='ocrx_word' id='word_1_206' title='bbox 1092 2931 1147 2989; x_wconf 85' lang='grc' dir='ltr'>τού</span> <span class='ocrx_word' id='word_1_207' title='bbox 1174 2923 1397 3011; x_wconf 86' lang='grc' dir='ltr'>Δημητριάδος</span> <span class='ocrx_word' id='word_1_208' title='bbox 1420 2945 1534 3010; x_wconf 81' lang='grc' dir='ltr'>παρεν-</span> 
     </span>
     <span class='ocr_line' id='line_1_23' title="bbox 273 3044 1535 3138; baseline 0.001 -28"><span class='ocrx_word' id='word_1_209' title='bbox 273 3045 583 3132; x_wconf 84' lang='grc' dir='ltr'>ύχλησιν-γτγονύς,</span> <span class='ocrx_word' id='word_1_210' title='bbox 611 3045 673 3138; x_wconf 79' lang='grc' dir='ltr'>καί</span> <span class='ocrx_word' id='word_1_211' title='bbox 696 3044 865 3136; x_wconf 73' lang='grc' dir='ltr'>ἐμφέρεται</span> <span class='ocrx_word' id='word_1_212' title='bbox 898 3051 969 3134; x_wconf 87' lang='grc' dir='ltr'>τιερί</span> <span class='ocrx_word' id='word_1_213' title='bbox 1004 3049 1115 3114; x_wconf 92' lang='grc' dir='ltr'>τούτου</span> <span class='ocrx_word' id='word_1_214' title='bbox 1148 3051 1205 3112; x_wconf 85' lang='grc' dir='ltr'>καί</span> <span class='ocrx_word' id='word_1_215' title='bbox 1233 3045 1266 3112; x_wconf 72' lang='grc' dir='ltr'>ἐν</span> <span class='ocrx_word' id='word_1_216' title='bbox 1294 3058 1357 3121; x_wconf 77' lang='grc' dir='ltr'>τοῖς</span> <span class='ocrx_word' id='word_1_217' title='bbox 1392 3048 1535 3134; x_wconf 85' lang='grc' dir='ltr'>διειλημ-</span> 
     </span>
     <span class='ocr_line' id='line_1_24' title="bbox 272 3168 1534 3259; baseline -0.001 -25"><span class='ocrx_word' id='word_1_218' title='bbox 272 3173 380 3256; x_wconf 81' lang='grc' dir='ltr'>μίνοις</span> <span class='ocrx_word' id='word_1_219' title='bbox 401 3181 641 3258; x_wconf 81' lang='grc' dir='ltr'>τατριαρχικοίς</span> <span class='ocrx_word' id='word_1_220' title='bbox 664 3169 867 3259; x_wconf 83' lang='grc' dir='ltr'>ύτομνημασι</span> <span class='ocrx_word' id='word_1_221' title='bbox 889 3175 945 3237; x_wconf 82' lang='grc' dir='ltr'>καί</span> <span class='ocrx_word' id='word_1_222' title='bbox 968 3169 1089 3250; x_wconf 78' lang='grc' dir='ltr'>άτλύς,</span> <span class='ocrx_word' id='word_1_223' title='bbox 1114 3168 1163 3242; x_wconf 81' lang='grc' dir='ltr'>ὅτι</span> <span class='ocrx_word' id='word_1_224' title='bbox 1182 3175 1399 3258; x_wconf 81' lang='grc' dir='ltr'>ιτατριαρχικὰ</span> <span class='ocrx_word' id='word_1_225' title='bbox 1422 3175 1481 3236; x_wconf 78' lang='grc' dir='ltr'>καὶ</span> <span class='ocrx_word' id='word_1_226' title='bbox 1502 3171 1534 3233; x_wconf 79' lang='grc' dir='ltr'>τὸ</span> 
     </span>
     <span class='ocr_line' id='line_1_25' title="bbox 270 3291 1576 3384; baseline -0.002 -24"><span class='ocrx_word' id='word_1_227' title='bbox 270 3301 326 3380; x_wconf 80' lang='grc' dir='ltr'>τῆς</span> <span class='ocrx_word' id='word_1_228' title='bbox 358 3291 614 3384; x_wconf 86' lang='grc' dir='ltr'>Μακρινιτίσσης.</span> <span class='ocrx_word' id='word_1_229' title='bbox 640 3297 853 3383; x_wconf 86' lang='grc' dir='ltr'>μοναστηριον</span> <span class='ocrx_word' id='word_1_230' title='bbox 889 3300 944 3362; x_wconf 82' lang='grc' dir='ltr'>καί</span> <span class='ocrx_word' id='word_1_231' title='bbox 977 3299 1013 3362; x_wconf 87' lang='grc' dir='ltr'>τύ</span> <span class='ocrx_word' id='word_1_232' title='bbox 1048 3297 1160 3361; x_wconf 90' lang='grc' dir='ltr'>τούτου</span> <span class='ocrx_word' id='word_1_233' title='bbox 1195 3298 1360 3382; x_wconf 84' lang='grc' dir='ltr'>μετύχιον,</span> <span class='ocrx_word' id='word_1_234' title='bbox 1396 3293 1414 3360; x_wconf 93' lang='lat'><em>6</em></span> <span class='ocrx_word' id='word_1_235' title='bbox 1451 3292 1534 3367; x_wconf 84' lang='grc' dir='ltr'>ύσιος</span> <span class='ocrx_word' id='word_1_236' title='bbox 1575 3349 1576 3352; x_wconf 64' lang='grc'>,</span> 
     </span>
     <span class='ocr_line' id='line_1_26' title="bbox 270 3391 1576 3508; baseline -0.002 -26"><span class='ocrx_word' id='word_1_237' title='bbox 270 3413 463 3505; x_wconf 86' lang='grc' dir='ltr'>Ὀνούφριυς,</span> <span class='ocrx_word' id='word_1_238' title='bbox 499 3415 633 3505; x_wconf 86' lang='grc' dir='ltr'>υύδιμία</span> <span class='ocrx_word' id='word_1_239' title='bbox 668 3417 854 3508; x_wconf 81' lang='grc' dir='ltr'>ἀμφιβολία,</span> <span class='ocrx_word' id='word_1_240' title='bbox 891 3417 975 3486; x_wconf 78' lang='grc' dir='ltr'>ἀλλὰ</span> <span class='ocrx_word' id='word_1_241' title='bbox 1009 3422 1145 3508; x_wconf 81' lang='grc' dir='ltr'>φανεράν</span> <span class='ocrx_word' id='word_1_242' title='bbox 1178 3421 1236 3484; x_wconf 84' lang='grc' dir='ltr'>καί</span> <span class='ocrx_word' id='word_1_243' title='bbox 1268 3417 1534 3506; x_wconf 70' lang='grc' dir='ltr'>ὁμολογούμενον·</span> <span class='ocrx_word' id='word_1_244' title='bbox 1575 3391 1576 3394; x_wconf 17' lang='lat'>¹</span> 
     </span>
     <span class='ocr_line' id='line_1_27' title="bbox 270 3533 1533 3632; baseline 0.003 -30"><span class='ocrx_word' id='word_1_245' title='bbox 270 3533 356 3624; x_wconf 78' lang='grc' dir='ltr'>ὅμως</span> <span class='ocrx_word' id='word_1_246' title='bbox 383 3541 412 3604; x_wconf 89' lang='grc' dir='ltr'>δ’</span> <span class='ocrx_word' id='word_1_247' title='bbox 435 3535 490 3606; x_wconf 85' lang='grc' dir='ltr'>ούν</span> <span class='ocrx_word' id='word_1_248' title='bbox 515 3547 574 3608; x_wconf 78' lang='grc' dir='ltr'>καί</span> <span class='ocrx_word' id='word_1_249' title='bbox 597 3539 696 3617; x_wconf 88' lang='grc' dir='ltr'>ούτως</span> <span class='ocrx_word' id='word_1_250' title='bbox 720 3541 938 3632; x_wconf 80' lang='grc' dir='ltr'>άναμριβύλυυ</span> <span class='ocrx_word' id='word_1_251' title='bbox 961 3548 1017 3610; x_wconf 81' lang='grc' dir='ltr'>καί</span> <span class='ocrx_word' id='word_1_252' title='bbox 1044 3543 1174 3618; x_wconf 74' lang='grc' dir='ltr'>πολλοῖς</span> <span class='ocrx_word' id='word_1_253' title='bbox 1202 3541 1235 3608; x_wconf 70' lang='grc' dir='ltr'>ἒν</span> <span class='ocrx_word' id='word_1_254' title='bbox 1257 3544 1455 3628; x_wconf 86' lang='grc' dir='ltr'>δικαιύμασι</span> <span class='ocrx_word' id='word_1_255' title='bbox 1479 3545 1533 3626; x_wconf 85' lang='grc' dir='ltr'>βι-</span> 
     </span>
     <span class='ocr_line' id='line_1_28' title="bbox 269 3659 1533 3754; baseline 0.004 -28"><span class='ocrx_word' id='word_1_256' title='bbox 269 3659 362 3746; x_wconf 83' lang='grc' dir='ltr'>βαίυυ</span> <span class='ocrx_word' id='word_1_257' title='bbox 390 3667 672 3752; x_wconf 75' lang='grc' dir='ltr'>τοῦπράγματος,</span> <span class='ocrx_word' id='word_1_258' title='bbox 708 3663 775 3732; x_wconf 76' lang='grc' dir='ltr'>οὐδ’</span> <span class='ocrx_word' id='word_1_259' title='bbox 804 3663 899 3740; x_wconf 74' lang='grc' dir='ltr'>αὖθις</span> <span class='ocrx_word' id='word_1_260' title='bbox 927 3668 971 3754; x_wconf 81' lang='grc' dir='ltr'>μη</span> <span class='ocrx_word' id='word_1_261' title='bbox 993 3669 1050 3732; x_wconf 83' lang='grc' dir='ltr'>καί</span> <span class='ocrx_word' id='word_1_262' title='bbox 1078 3668 1184 3732; x_wconf 80' lang='grc' dir='ltr'>πλεῖον</span> <span class='ocrx_word' id='word_1_263' title='bbox 1213 3667 1390 3752; x_wconf 74' lang='grc' dir='ltr'>δνστηρίξαι</span> <span class='ocrx_word' id='word_1_264' title='bbox 1417 3670 1533 3752; x_wconf 75' lang='grc' dir='ltr'>ταιῆς</span> 
     </span>
     <span class='ocr_line' id='line_1_29' title="bbox 269 3785 1533 3876; baseline 0 -24"><span class='ocrx_word' id='word_1_265' title='bbox 269 3793 368 3872; x_wconf 76' lang='grc' dir='ltr'>μονῆς</span> <span class='ocrx_word' id='word_1_266' title='bbox 390 3791 447 3852; x_wconf 80' lang='grc' dir='ltr'>καί</span> <span class='ocrx_word' id='word_1_267' title='bbox 470 3796 526 3854; x_wconf 84' lang='grc' dir='ltr'>τού</span> <span class='ocrx_word' id='word_1_268' title='bbox 541 3789 759 3876; x_wconf 80' lang='grc' dir='ltr'>ταραλαυρίοο</span> <span class='ocrx_word' id='word_1_269' title='bbox 782 3785 880 3876; x_wconf 74' lang='grc' dir='ltr'>αύτης</span> <span class='ocrx_word' id='word_1_270' title='bbox 903 3791 1024 3867; x_wconf 89' lang='grc' dir='ltr'>τούτου,</span> <span class='ocrx_word' id='word_1_271' title='bbox 1049 3787 1164 3857; x_wconf 88' lang='grc' dir='ltr'>υύκουν</span> <span class='ocrx_word' id='word_1_272' title='bbox 1188 3785 1253 3854; x_wconf 75' lang='grc' dir='ltr'>οὐδ’</span> <span class='ocrx_word' id='word_1_273' title='bbox 1278 3787 1423 3855; x_wconf 79' lang='grc' dir='ltr'>ύσωσυύν</span> <span class='ocrx_word' id='word_1_274' title='bbox 1448 3791 1533 3854; x_wconf 84' lang='grc' dir='ltr'>διαν-</span> 
     </span>
     <span class='ocr_line' id='line_1_30' title="bbox 268 3887 1532 4002; baseline 0.002 -29"><span class='ocrx_word' id='word_1_275' title='bbox 268 3909 402 3994; x_wconf 84' lang='grc' dir='ltr'>ιβάλετο</span> <span class='ocrx_word' id='word_1_276' title='bbox 431 3906 448 3975; x_wconf 96' lang='lat'><em>6</em></span> <span class='ocrx_word' id='word_1_277' title='bbox 476 3907 561 3999; x_wconf 77' lang='grc' dir='ltr'>ύτιλρ.</span> <span class='ocrx_word' id='word_1_278' title='bbox 580 3887 696 3978; x_wconf 86' lang='grc' dir='ltr'>τούτων</span> <span class='ocrx_word' id='word_1_279' title='bbox 724 3913 875 4000; x_wconf 80' lang='grc' dir='ltr'>διάσυρον</span> <span class='ocrx_word' id='word_1_280' title='bbox 903 3913 1029 4001; x_wconf 88' lang='grc' dir='ltr'>φίλτρον</span> <span class='ocrx_word' id='word_1_281' title='bbox 1059 3905 1191 4002; x_wconf 77' lang='grc' dir='ltr'>τρύφων,</span> <span class='ocrx_word' id='word_1_282' title='bbox 1220 3911 1236 3980; x_wconf 93' lang='lat'><em>6</em></span> <span class='ocrx_word' id='word_1_283' title='bbox 1260 3918 1317 3978; x_wconf 81' lang='grc' dir='ltr'>καί</span> <span class='ocrx_word' id='word_1_284' title='bbox 1344 3914 1449 4001; x_wconf 72' lang='grc' dir='ltr'>ψυχὴν</span> <span class='ocrx_word' id='word_1_285' title='bbox 1473 3908 1532 3996; x_wconf 88' lang='grc' dir='ltr'>ούχ</span> 
     </span>
     <span class='ocr_line' id='line_1_31' title="bbox 266 4029 1531 4124; baseline 0 -24"><span class='ocrx_word' id='word_1_286' title='bbox 266 4029 360 4120; x_wconf 71' lang='grc' dir='ltr'>ἦττον</span> <span class='ocrx_word' id='word_1_287' title='bbox 388 4033 409 4122; x_wconf 77' lang='grc' dir='ltr'><strong>ἢ</strong></span> <span class='ocrx_word' id='word_1_288' title='bbox 443 4039 658 4123; x_wconf 75' lang='grc' dir='ltr'>κατὰσῶμα,</span> <span class='ocrx_word' id='word_1_289' title='bbox 695 4035 723 4100; x_wconf 80' lang='grc' dir='ltr'>τί</span> <span class='ocrx_word' id='word_1_290' title='bbox 746 4038 799 4124; x_wconf 80' lang='grc' dir='ltr'>μη</span> <span class='ocrx_word' id='word_1_291' title='bbox 817 4041 874 4102; x_wconf 82' lang='grc' dir='ltr'>καί</span> <span class='ocrx_word' id='word_1_292' title='bbox 910 4037 1032 4124; x_wconf 80' lang='grc' dir='ltr'>μᾶλλον</span> <span class='ocrx_word' id='word_1_293' title='bbox 1061 4033 1286 4118; x_wconf 81' lang='grc' dir='ltr'>εύγενύστατος</span> <span class='ocrx_word' id='word_1_294' title='bbox 1320 4035 1337 4102; x_wconf 95' lang='lat'><em>6</em></span> <span class='ocrx_word' id='word_1_295' title='bbox 1365 4035 1531 4123; x_wconf 84' lang='grc' dir='ltr'>Κομνηνύς</span> 
     </span>
     <span class='ocr_line' id='line_1_32' title="bbox 265 4156 1529 4249; baseline -0.002 -27"><span class='ocrx_word' id='word_1_296' title='bbox 265 4166 326 4244; x_wconf 84' lang='grc' dir='ltr'>κύρ</span> <span class='ocrx_word' id='word_1_297' title='bbox 359 4156 524 4234; x_wconf 86' lang='grc' dir='ltr'>Νικόλαος</span> <span class='ocrx_word' id='word_1_298' title='bbox 551 4158 568 4226; x_wconf 94' lang='lat'><em>6</em></span> <span class='ocrx_word' id='word_1_299' title='bbox 595 4157 817 4247; x_wconf 69' lang='grc' dir='ltr'>Μαλιαυηνύς,</span> <span class='ocrx_word' id='word_1_300' title='bbox 849 4163 885 4226; x_wconf 86' lang='grc' dir='ltr'>τύ</span> <span class='ocrx_word' id='word_1_301' title='bbox 920 4171 986 4249; x_wconf 78' lang='grc' dir='ltr'>τῆς</span> <span class='ocrx_word' id='word_1_302' title='bbox 1003 4157 1092 4248; x_wconf 81' lang='grc' dir='ltr'>ἡμων</span> <span class='ocrx_word' id='word_1_303' title='bbox 1128 4165 1332 4248; x_wconf 78' lang='grc' dir='ltr'>μετριότητος</span> <span class='ocrx_word' id='word_1_304' title='bbox 1367 4159 1529 4247; x_wconf 80' lang='grc' dir='ltr'>άγαιιητύν</span> 
     </span>
     <span class='ocr_line' id='line_1_33' title="bbox 266 4278 1529 4372; baseline -0.001 -26"><span class='ocrx_word' id='word_1_305' title='bbox 266 4284 386 4349; x_wconf 73' lang='grc' dir='ltr'>τεκνον·</span> <span class='ocrx_word' id='word_1_306' title='bbox 415 4278 507 4356; x_wconf 87' lang='grc' dir='ltr'>ούτος</span> <span class='ocrx_word' id='word_1_307' title='bbox 529 4287 591 4372; x_wconf 83' lang='grc' dir='ltr'>γὰρ</span> <span class='ocrx_word' id='word_1_308' title='bbox 618 4283 780 4352; x_wconf 77' lang='grc' dir='ltr'>ύααινετύν</span> <span class='ocrx_word' id='word_1_309' title='bbox 805 4285 899 4371; x_wconf 71' lang='grc' dir='ltr'>ζῆλον</span> <span class='ocrx_word' id='word_1_310' title='bbox 924 4285 1095 4369; x_wconf 78' lang='grc' dir='ltr'>ἀναλαβὼν</span> <span class='ocrx_word' id='word_1_311' title='bbox 1122 4288 1318 4370; x_wconf 75' lang='grc' dir='ltr'>τοῦπατρὸς</span> <span class='ocrx_word' id='word_1_312' title='bbox 1344 4280 1454 4363; x_wconf 79' lang='grc' dir='ltr'>αύτου,</span> <span class='ocrx_word' id='word_1_313' title='bbox 1477 4291 1529 4347; x_wconf 86' lang='grc' dir='ltr'>του</span> 
     </span>
     <span class='ocr_line' id='line_1_34' title="bbox 266 4404 1527 4496; baseline -0.001 -26"><span class='ocrx_word' id='word_1_314' title='bbox 266 4411 458 4491; x_wconf 84' lang='grc' dir='ltr'>μακαρίτου,</span> <span class='ocrx_word' id='word_1_315' title='bbox 472 4404 597 4474; x_wconf 70' lang='grc' dir='ltr'>ἐκείνου</span> <span class='ocrx_word' id='word_1_316' title='bbox 618 4407 788 4496; x_wconf 80' lang='grc' dir='ltr'>Κομνηνοδ</span> <span class='ocrx_word' id='word_1_317' title='bbox 817 4415 927 4494; x_wconf 79' lang='grc' dir='ltr'>κυροῖιΙ</span> <span class='ocrx_word' id='word_1_318' title='bbox 948 4407 1188 4474; x_wconf 83' lang='grc' dir='ltr'>Κωνσιαντίνυυ</span> <span class='ocrx_word' id='word_1_319' title='bbox 1223 4419 1277 4474; x_wconf 80' lang='grc' dir='ltr'>του</span> <span class='ocrx_word' id='word_1_320' title='bbox 1312 4407 1527 4494; x_wconf 76' lang='grc' dir='ltr'>Μαλιασηνυο,</span> 
     </span>
     <span class='ocr_line' id='line_1_35' title="bbox 265 4525 1528 4619; baseline 0.001 -27"><span class='ocrx_word' id='word_1_321' title='bbox 265 4525 326 4614; x_wconf 85' lang='grc' dir='ltr'>ύλη</span> <span class='ocrx_word' id='word_1_322' title='bbox 352 4533 441 4617; x_wconf 74' lang='grc' dir='ltr'>ψυχῇ</span> <span class='ocrx_word' id='word_1_323' title='bbox 461 4535 517 4596; x_wconf 84' lang='grc' dir='ltr'>καί</span> <span class='ocrx_word' id='word_1_324' title='bbox 541 4527 736 4619; x_wconf 82' lang='grc' dir='ltr'>γνύμηύλη</span> <span class='ocrx_word' id='word_1_325' title='bbox 759 4536 846 4597; x_wconf 83' lang='grc' dir='ltr'>τνύει</span> <span class='ocrx_word' id='word_1_326' title='bbox 870 4528 947 4618; x_wconf 75' lang='grc' dir='ltr'>ύιτὲρ</span> <span class='ocrx_word' id='word_1_327' title='bbox 970 4540 1025 4618; x_wconf 81' lang='grc' dir='ltr'>της</span> <span class='ocrx_word' id='word_1_328' title='bbox 1050 4541 1149 4619; x_wconf 85' lang='grc' dir='ltr'>μονῆς</span> <span class='ocrx_word' id='word_1_329' title='bbox 1177 4533 1294 4619; x_wconf 86' lang='grc' dir='ltr'>ταύτης</span> <span class='ocrx_word' id='word_1_330' title='bbox 1312 4540 1377 4618; x_wconf 73' lang='grc' dir='ltr'>τῆς</span> <span class='ocrx_word' id='word_1_331' title='bbox 1404 4530 1528 4615; x_wconf 84' lang='grc' dir='ltr'>Μακρι-</span> 
     </span>
    </p>
   </div>
   <div class='ocr_carea' id='block_1_3' title="bbox 264 4651 1527 4743">
    <p class='ocr_par' dir='ltr' id='par_1_3' title="bbox 264 4651 1527 4743">
     <span class='ocr_line' id='line_1_36' title="bbox 264 4651 1527 4743; baseline -0.002 -27"><span class='ocrx_word' id='word_1_332' title='bbox 264 4655 407 4738; x_wconf 83' lang='grc' dir='ltr'>νιτίσσης</span> <span class='ocrx_word' id='word_1_333' title='bbox 442 4652 498 4718; x_wconf 83' lang='grc' dir='ltr'>καί</span> <span class='ocrx_word' id='word_1_334' title='bbox 526 4663 580 4720; x_wconf 82' lang='grc' dir='ltr'>τού</span> <span class='ocrx_word' id='word_1_335' title='bbox 609 4661 760 4742; x_wconf 86' lang='grc' dir='ltr'>μετυχίου</span> <span class='ocrx_word' id='word_1_336' title='bbox 785 4653 902 4743; x_wconf 77' lang='grc' dir='ltr'>αὐτῆς,</span> <span class='ocrx_word' id='word_1_337' title='bbox 938 4657 1065 4722; x_wconf 78' lang='grc' dir='ltr'>σπεύδει</span> <span class='ocrx_word' id='word_1_338' title='bbox 1104 4653 1180 4742; x_wconf 76' lang='grc' dir='ltr'>ύγιὲρ</span> <span class='ocrx_word' id='word_1_339' title='bbox 1214 4659 1397 4729; x_wconf 79' lang='grc' dir='ltr'>συστάσεως</span> <span class='ocrx_word' id='word_1_340' title='bbox 1431 4651 1527 4720; x_wconf 79' lang='grc' dir='ltr'>αύτιδν</span> 
     </span>
    </p>
   </div>
   <div class='ocr_carea' id='block_1_4' title="bbox 0 0 1588 5274">
    <p class='ocr_par' dir='ltr' id='par_1_4' title="bbox 0 0 1588 5274">
     <span class='ocr_line' id='line_1_37' title="bbox 0 0 1588 5274; baseline 0 2"><span class='ocrx_word' id='word_1_341' title='bbox 0 0 1588 5274; x_wconf 95' lang='lat' dir='ltr'> </span> 
     </span>
    </p>
   </div>
  </div>
 </body>
</html>
