3190 5284
467 525 544 594 LIV.
562 525 792 604 6722-1213‚
810 545 917 592 mense
933 521 1115 610 septembri,
1132 520 1197 590 ind.
1217 521 1251 585 11.

527 673 661 728 Caecinae
676 673 768 728 Leoni
784 674 948 728 Mmethrae
962 673 1086 728 vendunt
1102 673 1201 730 υίίοαε.

315 842 423 924 γΤό
457 847 718 930 πρατήριον
755 843 994 930 ἔγγραφον
1030 839 1192 925 ἱερέως
1227 845 1304 903 τοῦ
1338 835 1509 902 Πωλέα

227 967 437 1033 Ἰωάννου
466 971 710 1052 χάριντιῦν
739 965 941 1032 έλαίκῦν
970 964 1187 1048 δένδριον,
1216 959 1270 1027 ὧν
1299 959 1510 1046 ἀπεμπο-

228 1085 1296 1176 λησεπρόςἱερέαΛέοντατόνΜοοίηθρυίνγ.

317 1247 573 1334 γ’ίωοίννης
597 1246 752 1332 ἱερεῦς
777 1245 794 1310 ὁ
820 1245 1008 1318 Πτολέας
1032 1243 1193 1328 οίκείυγ
1220 1247 1346 1329 χειρί
1372 1245 1511 1344 προέ-

229 1373 341 1446 ταξα
374 1375 403 1451 †.

557 1499 803 1604 ΣίγνυνΙἋννης
821 1519 875 1594 τῆς
892 1469 1026 1594 συμβίυυ
1131 1507 1511 1594 ΣίγνονίΚιονσταντίνου

427 1631 551 1700 ἐκείνου
574 1623 726 1722 Μιχαίηλ
750 1645 804 1699 τοῦ
828 1633 984 1698 Κοσκινᾱ.
1093 1641 1148 1696 τοῦ
1173 1626 1367 1722 υἱοῦΙαῦτοῦ.

429 1764 686 1870 ΣίγνονίΝικήια
909 1761 1211 1867 ΣίγνονΙΒασιλείου

320 1907 375 1963 τοῦ
401 1891 619 1986 αῦταδέλίρου
645 1895 752 1962 αὐτοῦ.
850 1909 905 1963 τοῦ
929 1890 1055 1990 έτέροίο
1080 1895 1281 1985 αῦταδέλφοο
1305 1892 1412 1961 αὐτοῦ.

716 2029 1008 2131 ΣίγνονῙΕὐδυκίας

319 2304 340 2379 †
369 2299 420 2364 Ἐν
449 2297 582 2385 ὐνέματι
606 2305 802 2388 τοῦπατρὸς
830 2307 887 2366 καί
910 2311 965 2367 τοῦ
989 2301 1057 2368 υἱοῦ
1081 2307 1139 2365 καί
1167 2310 1223 2366 τοῦ
1248 2297 1341 2379 ἁγίου
1363 2301 1515 2385 πνεῦμα-

233 2445 296 2497 τος.
321 2421 424 2488 Ἀννα
447 2419 466 2508 ἡ
491 2426 624 2508 σῦμβιυς
647 2434 701 2488 τοῦ
726 2423 944 2512 ἀποιχομένου
967 2424 1091 2491 ἐκείνου
1114 2423 1247 2511 Μιχαὴλ
1271 2433 1326 2488 τοῦ
1348 2422 1515 2500 Κοσκινα,

234 2546 282 2612 ἔτι
304 2548 341 2610 δέ
357 2549 414 2612 καί
434 2544 463 2610 οἱ
484 2551 609 2632 γνήσιοι
631 2549 742 2620 παῖδες
766 2546 874 2630 αὐτοῦ,
900 2545 975 2613 ὅτε
991 2547 1238 2624 Κυνσταντίνος,
1263 2545 1416 2632 Νικήτας.
1440 2545 1516 2611 Βα-

233 2671 354 2742 σίλειος
377 2667 435 2734 καί
457 2665 610 2748 Εὐδοκία,
635 2671 664 2738 οί
689 2671 814 2736 ἄνωθεν
838 2681 893 2736 τοῦ
913 2675 1069 2757 παρόντος
1093 2667 1189 2760 ῦφους
1213 2673 1285 2744 τοῦς
1309 2675 1429 2756 τιμίους
1452 2674 1514 2734 καί

234 2794 407 2868 ζιοοπυιοῦς
437 2794 591 2879 σταυροὺς
620 2793 836 2880 οίκειοχείροις
864 2799 1054 2882 ποιησαντος
1081 2797 1135 2881 τὴν
1160 2803 1323 2879 παροῦσαν
1348 2793 1512 2880 ἔγγραφον

233 2920 290 2980 καί
314 2914 529 3004 ένοπίγραιρυν
555 2913 748 2982 ἀπενεεῦθεν
772 2923 828 2982 καί
852 2918 898 2992 εἰς
922 2921 957 2983 τῦ
982 2916 1054 3004 ἑξῆς
1079 2921 1159 3004 μετὰ
1186 2919 1369 2983 καθολικοῦ
1396 2917 1513 3003 δεφεν-

236 3043 350 3112 σίοινος
369 3043 425 3103 καί
447 3044 553 3128 ποίσης
581 3045 716 3127 νομίμου
745 3040 923 3128 ἀσφαλείας
952 3045 1113 3128 καθαρὰν,
1143 3045 1281 3129 φανερὰν
1309 3050 1422 3127 πρᾶσιν
1452 3043 1512 3127 την

236 3161 281 3236 τίς
310 3161 361 3228 ἀεί
388 3167 422 3228 τῦ
453 3162 725 3250 ἁπαρυίδραοστον
754 3169 810 3228 καί
839 3163 1088 3252 ἀπερικλόνητον
1117 3165 1205 3251 ἔχειν
1233 3163 1423 3253 ὀφείλουσαν
1451 3169 1511 3228 καί

236 3287 391 3374 μηδαμῶς
421 3285 483 3351 ἀπὸ
508 3296 562 3352 τοῦ
587 3297 639 3353 νῦν
663 3291 740 3353 ποτὲ
764 3288 866 3374 καιρῷ
889 3287 909 3375 ἢ
934 3292 1039 3374 χρόνῳ
1062 3287 1082 3374 ἢ
1110 3292 1166 3352 καί
1190 3286 1248 3375 δψέ
1271 3309 1346 3353 ποτε
1371 3285 1512 3374 ἀνατρα-

234 3417 331 3494 πῆναι
353 3408 372 3495 ἣ
398 3407 540 3475 ὁπωσοῦν
563 3413 862 3500 παρασαλευῦηναι,
889 3408 924 3476 οὐ
948 3408 1022 3496 παρ’
1039 3407 1128 3496 ἡμῶν
1152 3405 1338 3475 αὐτῶντῶν
1362 3408 1510 3497 ἀπεμπο-
1583 3453 1584 3456 =

236 3532 386 3610 λοῦντυν,
416 3528 451 3596 οὔ
481 3529 552 3619 παρ’
583 3535 778 3621 οίουδητινυς
808 3539 975 3619 προσώπου
1004 3541 1191 3614 συγγενικοῦ
1214 3531 1235 3622 ἢ
1259 3538 1315 3598 καί
1340 3531 1512 3621 ἀλλοτρίου

236 3655 272 3718 τό
301 3655 446 3730 σῦνυλον,
472 3659 635 3742 τιθέμεθα
659 3660 715 3721 καί
734 3667 884 3742 ποιοῦμεν
908 3657 1062 3730 ἑκουσίοις
1078 3660 1134 3720 καί
1158 3655 1408 3744 ἀμεταμέλητος
1431 3661 1513 3744 πρὸς

239 3779 286 3854 σέζ
306 3779 358 3841 τὸν
375 3779 630 3860 θεοσεβέστατον
648 3777 744 3865 ίερέα,
767 3789 825 3866 κῦρ
850 3779 977 3846 Λέοντα
998 3781 1050 3844 τὸν
1065 3777 1275 3867 Μουζηδρᾶν,
1299 3785 1355 3846 καί
1369 3785 1449 3868 πρὸς
1474 3786 1512 3848 τῦ

237 3903 331 3984 μέρος
355 3921 412 3964 σου
448 3897 531 3964 ἅπαν
556 3905 612 3966 καί
636 3902 690 3965 διὰ
726 3911 782 3967 σοῦ
806 3905 882 3988 πρδς
911 3907 950 3966 τὰ
974 3907 1054 3989 μέρη
1091 3925 1147 3968 σου
1172 3901 1311 3982 ἅπαντα,
1348 3905 1513 3990 κληρονό-

238 4043 315 4106 μους
344 4045 376 4086 τε
405 4025 461 4088 καί
491 4025 665 4109 διαδόχους
687 4031 744 4088 καί
766 4031 935 4097 παντοίους
959 4025 1031 4098 τοῦς
1055 4026 1273 4112 διακατόχυυς
1297 4047 1369 4104 σου,
1392 4030 1513 4102 καθὼς

236 4145 472 4231 δηλωθήσεται.
497 4151 554 4210 καί
578 4151 638 4232 γὰρ
663 4151 701 4211 τὰ
726 4145 842 4212 έλαϊκὰ
871 4147 986 4232 δένδρα
1010 4152 1049 4213 τὰ
1073 4153 1185 4228 γονικὰ
1208 4154 1265 4214 καί
1287 4151 1514 4238 κληρονομικὰ

237 4263 325 4352 ἡμῶν
361 4272 400 4331 τὰ
428 4267 459 4332 έν
490 4273 532 4354 tq}
561 4275 667 4357 χωρίῳ
702 4269 790 4358 ἡμῶν
826 4271 1014 4357 διακείμενα
1040 4275 1080 4336 τὰ
1113 4273 1249 4358 πλησίον
1278 4281 1337 4336 τῦν
1373 4271 1515 4340 έλαῐκῶν

238 4391 374 4476 δένδρων
398 4403 458 4456 τῶν
478 4398 585 4480 πρώην
608 4391 680 4480 παρ’
709 4390 798 4480 ἡμῶν
822 4399 1065 4480 κατεχομένων,
1088 4393 1186 4482 ἤγουν
1211 4393 1347 4464 έλαϊκιῦν
1375 4397 1516 4483 δένδρων

237 4513 421 4592 δεκαεννέα,
451 4520 507 4579 καί
535 4515 628 4602 ἕτερα
658 4516 773 4582 ἐλαϊκὰ
797 4519 912 4604 δένδρα
936 4515 1020 4582 δκτιδ
1054 4519 1189 4604 πλησίον
1213 4529 1273 4582 τῦν
1302 4515 1404 4584 αὐτῶν
1429 4525 1514 4606 μετὰ

237 4645 292 4722 τῆς
320 4643 522 4724 κεκαυμένης
558 4639 669 4712 ἐλαίας
698 4646 753 4705 καί
783 4651 839 4727 τῆς
868 4640 1051 4727 ἀνηκούσης
1087 4637 1189 4707 αῦτῦν
1218 4651 1276 4727 γῆς
1304 4645 1360 4706 καί
1384 4643 1440 4707 σῦν
1465 4667 1511 4729 κιρ
