3140 5284
276 255 337 318 164

275 443 540 530 ἁγιωτάτης
565 444 896 529 μητροπόλεως
922 441 1130 526 Σμύρνης
1154 424 1539 508 Κυνσταντίνοςό

272 569 495 653 Καθαρός
523 567 675 651 παρεόν
703 565 777 631 έπί
800 566 1084 652 τηπαροόση
1108 565 1279 647 πράσει
1302 569 1538 647 μαρτυρῶν

275 687 518 778 ὑπέγραψα
540 696 570 770 †.

361 831 618 920 Subscriptiones
639 829 747 896 eadem
766 827 910 896 formula:
934 827 950 894 ό
975 833 1075 914 μέγας
1101 827 1313 912 σακελλοίριος
1335 823 1496 914 Στέφανος
1515 823 1529 890 ό

274 955 446 1041 Καθαρός,
474 953 491 1020 ὁ
518 955 722 1042 χαρτοφόλαὶ
756 951 915 1042 Στέφανος
942 947 959 1016 ό
993 950 1255 1037 Κασταμονίτης,
1291 945 1308 1013 ό
1339 953 1538 1034 κανστρίσιος

272 1079 418 1166 Ἰωάννης
441 1077 458 1145 ό
482 1078 684 1165 Κεραμηρός,
708 1073 725 1142 ἁ
749 1077 938 1162 δευτερεύων
960 1073 1093 1162 Μιχαὴλ
1116 1071 1133 1138 ό
1155 1073 1357 1160 Βαρυπὰτης,
1382 1071 1399 1138 ό
1423 1073 1538 1143 δοῦλος

273 1213 328 1270 τοῦ
356 1211 510 1289 κραταιοῦ
538 1206 594 1267 καί
622 1199 714 1281 ἁγίου
741 1197 829 1288 ἡμῶν
859 1195 1016 1264 αὐθένται)
1043 1201 1099 1262 καί
1126 1198 1281 1282 βασιλέως
1308 1193 1401 1262 Λέων
1426 1193 1444 1260 ό
1467 1193 1537 1260 Μα-

274 1329 400 1414 κρηνός,
424 1324 647 1411 όδευτερεόυνν
663 1333 723 1388 τῶν
746 1322 914 1402 διακόνων,
937 1323 1092 1409 κληρικός
1107 1325 1164 1386 καὶ
1183 1319 1415 1406 ταβουλλὰριυς
1430 1317 1536 1402 Γειόρ-

275 1472 344 1530 γιος
364 1447 382 1516 ό
404 1449 644 1536 Χροσοβὲργης,
668 1445 685 1514 ό
710 1445 812 1532 ἱερεός
835 1466 891 1511 και
914 1443 1021 1532 ἄρχων
1049 1455 1109 1510 τῦν
1133 1448 1350 1531 μοναστηρίιον
1378 1440 1536 1528 Γειόργιος

273 1572 290 1638 ό
314 1572 480 1660 Καθαρός,
505 1571 522 1638 ό
545 1573 700 1658 κληρικὸς
722 1573 779 1636 καί
802 1568 1031 1656 ταβυυλλτίριυς
1054 1565 1214 1654 Ῥυμανός
1237 1565 1255 1632 ό
1278 1564 1473 1639 Καλοειδᾶς.

545 1852 606 1919 XO.
626 1849 854 1928 6ί80-1272,
872 1870 978 1916 mense
994 1848 1096 1936 aprili,
1114 1847 1179 1914 ind.
1196 1847 1262 1914 XV.

449 2001 591 2057 Νίοοίααε
607 2000 729 2054 orsum
745 2011 771 2054 ετ
780 2001 861 2072 filius
876 2009 1045 2055 manantem
1064 1999 1189 2054 vendunt
1204 2013 1344 2069 eampum.

357 2149 413 2220 Τό
441 2155 700 2239 πρατήριον
735 2151 969 2236 ἔγγραφον
996 2147 1240 2216 Νικολάου
1267 2155 1344 2213 τοῦ
1370 2145 1533 2234 Κρητι·

268 2285 349 2341 κοῦ
372 2279 449 2341 καί
472 2273 614 2341 Ξένου
637 2284 714 2341 τοῦ
737 2273 837 2340 υίοῦ
861 2269 1001 2339 αότοό
1024 2276 1162 2359 χάριν
1186 2279 1263 2337 τοῦ
1285 2275 1528 2358 χυραιρίου

267 2395 725 2486 τηςὰγίαςἙλένης.

353 2539 451 2620 Σίγνα
473 2537 646 2606 Νοκυλοίου
669 2549 724 2605 τοῦ
747 2538 910 2626 Κρητικοῦ
933 2535 990 2602 καὶ
1012 2536 1111 2604 Ξένου
1133 2544 1189 2601 τοῦ
1212 2533 1280 2600 υἱοῦ
1304 2531 1411 2602 αότοῦ.

355 2683 375 2760 †
402 2677 454 2746 Ἐν
483 2677 614 2765 όνόματι
639 2699 671 2745 κ.
700 2701 726 2745 τ.
755 2681 784 2746 λ.
814 2677 876 2758 ἐγὼ
903 2675 1065 2752 Νίκολαος
1094 2675 1111 2742 ό
1135 2676 1301 2764 Δερματᾱς
1328 2677 1384 2741 σόν
1407 2675 1454 2763 τῷ
1476 2673 1529 2761 υίιρ

268 2826 328 2890 μου
362 2801 449 2888 Ξένῳ
477 2805 520 2890 τῷ
553 2803 776 2889 Πεπυλημένιρ
805 2801 835 2867 οἱ
866 2803 920 2888 την
955 2800 1080 2887 οἴκησιν
1114 2799 1245 2888 ἔχοντες
1280 2797 1313 2864 έν
1347 2797 1389 2887 τῷ
1422 2803 1527 2887 χωρίῳ
1563 2785 1564 2788 “

266 2928 344 2993 Σιλλ
360 2979 368 2995 .
386 2977 419 2994 ..
448 2950 478 2992 κ.
505 2951 531 2992 τ.
557 2929 575 2992 λ
612 2931 832 3013 πιτροίσκομεν
856 2929 934 3011 πρός
957 2927 1012 3012 την
1036 2923 1129 3005 ἁγίαν
1155 2924 1323 3010 βασιλικὴν
1348 2923 1446 3009 μονην
1470 2931 1526 2986 τῶν

264 3051 401 3138 Λέμβιυν
424 3055 587 3141 χυρὰριον
610 3055 645 3116 τό
670 3049 732 3116 ἀπό
757 3060 887 3136 γονικης
909 3047 999 3137 ἡμῶν
1022 3047 1236 3136 κληρονομίας
1260 3049 1295 3112 τό
1319 3044 1355 3111 όν
1377 3051 1434 3111 καί
1457 3049 1526 3111 δια-

266 3183 412 3262 κείμενον
436 3173 468 3240 ὲν
493 3187 531 3262 τη
555 3177 647 3240 θέσει
675 3185 734 3238 τῦν
758 3173 927 3239 Παλατίυν
951 3175 986 3238 τό
1015 3171 1236 3258 ἐπιλεγόμενον
1261 3167 1281 3258 ἡ
1307 3169 1384 3250 ἁγία
1406 3168 1526 3254 Ἑλένη,

269 3296 344 3386 ὅπερ
373 3297 455 3364 ἐστίν
482 3297 758 3384 ίδιοπεριόριστυν,
786 3298 900 3369 καθὼς
923 3301 979 3361 καί
1003 3292 1100 3368 οὕτως
1124 3295 1204 3380 ἔχει·
1229 3297 1351 3382 βόρειον
1376 3297 1472 3380 μέρος
1494 3294 1526 3356 τό

268 3423 382 3506 βουνόν,
406 3425 508 3488 νότιον
532 3426 627 3508 μέρος
650 3423 707 3508 την
732 3421 898 3506 βασιλικὴν
922 3415 1007 3496 ὁδόν,
1033 3418 1223 3484 ἀνατολικὸν
1246 3419 1282 3483 τό
1304 3415 1527 3504 Μοορμοοντη-

267 3546 320 3609 νόν
353 3548 531 3634 χυράριυν,
567 3545 692 3609 δυτικόν
726 3545 781 3630 την
815 3544 1106 3629 νεροκαταβασίαν,
1140 3537 1207 3628 ἥτις
1242 3537 1347 3626 ἐκρέει
1385 3539 1449 3606 ἀπό
1477 3547 1527 3604 τοῦ

269 3663 436 3753 εῦκτηρίου
459 3665 548 3731 οίκου
573 3675 628 3752 τῆς
652 3663 747 3746 ἁγίας
770 3663 900 3752 Ἑλένης
923 3669 979 3730 καί
1001 3664 1189 3751 ἀκουμβίζει
1211 3662 1306 3729 πάλιν
1323 3665 1369 3738 εἰς
1391 3665 1448 3750 την
1469 3665 1525 3748 βα·

269 3791 393 3877 σιλικην
417 3787 491 3855 όδόν
515 3792 568 3877 την
590 3785 773 3869 ἁπάγουσαν
796 3788 858 3855 ἀπό
882 3801 942 3854 τῶν
962 3789 1130 3856 Παλατίιυν
1152 3787 1196 3862 είς
1218 3791 1271 3853 τόν
1294 3787 1525 3874 Κορδυλέοντα.

267 3919 414 4002 περιέστη
442 3913 478 3979 δέ
507 3917 541 3978 τό
570 3919 693 4000 τίμημα
721 3921 775 3977 τοῦ
803 3913 947 3978 τοιοότου
974 3915 1139 4000 χωραφίου
1166 3911 1211 3985 είς
1234 3909 1395 3998 ἁπέρπυρα
1418 3907 1526 3988 έξοίγια

268 4039 325 4102 δόυ
354 4035 403 4103 ἐπὶ
432 4037 538 4122 τελείογ
567 4033 757 4122 ἀποπράσει,
794 4033 871 4122 ἅπερ
899 4039 954 4101 καί
979 4013 1195 4119 ἀναλαβόντες
1230 4034 1292 4100 ἀπό
1321 4045 1380 4099 τῶν
1415 4041 1524 4120 χειρῶν

269 4171 324 4227 τοῦ
339 4165 578 4227 πανοσιωτὰτου
601 4159 822 4246 ἱερομονοίχου,
839 4169 936 4246 κυροῦ
960 4159 1205 4242 Κυνσταντίνου,
1232 4159 1350 4234 εἰςτὰς
1373 4153 1526 4244 ἡμετέρας

270 4297 380 4372 χεῖρας
405 4285 703 4371 ἀντιπαρεδιίικαμεν
727 4285 762 4348 τό
786 4293 927 4368 τοιοῦτον
951 4289 1112 4370 χωροίριον
1140 4287 1217 4370 πρός
1244 4285 1300 4370 την
1327 4283 1525 4369 όηλυιθεῖσαν

271 4405 364 4488 ἁγίαν
394 4409 560 4494 βασιλικὴν
585 4407 682 4492 μονὴν
711 4409 767 4470 καί
796 4408 848 4470 τόν
883 4409 1119 4471 πανοσιιότατον
1147 4404 1393 4494 καθηγούμενον
1422 4401 1524 4487 αὐτῆς,

271 4529 479 4616 ἱερομόναχον
499 4530 568 4618 κῦμ’
588 4529 735 4616 Ιυοίννην,
759 4533 814 4594 καί
837 4530 909 4602 τοῦς
933 4525 981 4595 ὑπ’
1006 4527 1099 4594 αὐτόν
1118 4531 1280 4617 μυναχούς
1304 4533 1339 4595 τό
1364 4523 1526 4616 ἔχεινκαὶ

270 4660 418 4738 κατέχειν
436 4649 531 4718 αότυῦ
555 4675 586 4716 κ.
604 4675 629 4717 τ.
655 4653 683 4716 λ.
708 4651 735 4715 εί
758 4653 793 4715 δὲ
817 4649 907 4739 ἡμεῖς
931 4653 1140 4738 βουληθῶμεν
1163 4659 1238 4718 ποτὲ
1256 4651 1360 4738 καιρηῖ
1381 4651 1401 4738 ἦ
1425 4653 1523 4736 χρόνῳ
