3140 5306
274 275 340 342 218

274 465 453 559 Βλαττερός
487 470 694 558 διορίσασθαι
730 472 773 560 μὴ
808 469 870 538 ἀπό
907 481 963 561 τῆς
1001 472 1150 559 τοιαύτης
1187 479 1248 536 τόν
1285 469 1542 556 Καπαρισσηνιῦν

274 594 457 669 πλεονεξίας
486 597 667 680 στερεῖσθαι
700 596 774 668 τούς
809 593 1110 682 ἀναγεγραμμένους
1136 606 1317 681 προσγενεῖς
1352 589 1453 659 αότσύ
1482 603 1542 658 τῶν

277 713 383 791 αύτοίς
410 719 621 806 διαφερόντων
649 725 773 800 τοπίων,
797 718 972 806 διορίζεταί
996 717 1048 785 σοι
1073 715 1095 807 ἡ
1119 719 1265 803 βασιλεία
1294 734 1354 806 μοο
1383 741 1428 802 ττρ
1457 720 1541 781 κατὰ

214 925 217 934 ³
276 844 387 927 χώραν
415 840 604 928 ίνερχούντι,
638 853 775 930 τηρῆσαι
802 848 842 909 τὰ
868 847 939 930 περὶ
966 845 1086 922 τούτου,
1114 847 1172 908 καί
1206 841 1234 908 εί
1261 840 1407 929 εὑρήσεις
1444 837 1543 914 ούτως

278 963 419 1050 ἔχουσαν
440 967 494 1052 τὴν
516 963 686 1054 ἀλήθειαν,
704 965 971 1053 ἀποκαταστῆσαι
987 969 1116 1040 τούτοος
1139 964 1186 1032 ἐπ’
1204 963 1321 1048 σιότσῖς1
1336 963 1381 1040 ὣς
1404 963 1445 1030 ἂν
1461 987 1541 1030 κατ-

197 1083 199 1088 ’
277 1091 378 1175 ύχωσι
404 1097 505 1154 ταῦτα
526 1093 613 1154 κατὰ
635 1092 670 1156 τό
695 1093 874 1171 γονικόθτν,
904 1087 946 1163 ὣς
970 1086 1152 1178 ύπόμνησαν
1175 1088 1225 1156 όπί
1254 1091 1378 1163 τούτοις
1399 1111 1541 1176 προσαρ-

276 1214 376 1298 μόίον
400 1208 505 1286 αὐτοῖς
529 1213 663 1296 δίκαιον,
687 1217 742 1280 καί
770 1213 926 1280 ἱκανῶσαι
949 1211 1012 1280 ἀπό
1040 1224 1100 1280 τῶν
1122 1213 1373 1301 Κοπαρισσηνῶν
1404 1209 1541 1278 ἰποίιιων

278 1339 335 1410 τὰς
364 1337 487 1410 τούτοις
515 1334 698 1424 ἀνηκούσαις
726 1341 857 1424 μορτὰς,
887 1335 935 1428 ἐρ’
964 1334 1029 1425 ύσιρ
1056 1337 1157 1426 καιρῷ
1180 1337 1211 1403 οἱ
1233 1334 1323 1404 αύτοί
1351 1335 1483 1402 ἔποικοι
1504 1339 1541 1400 τὰ

277 1466 409 1524 τοιαῦτα
433 1456 639 1547 ίνεμῆύηοαν
663 1463 756 1527 τόπια
777 1465 807 1543 †.

366 1587 387 1666 †
409 1581 522 1670 Εἶχε
546 1585 603 1650 τό.
629 1587 737 1671 μηνί
757 1583 918 1670 ίοονίιρ
939 1583 1022 1651 ὶνδ.
1045 1583 1252 1672 δεκάτης
1274 1581 1324 1649 δι’
1348 1581 1541 1671 ίροδρῶν

281 1711 562 1794 γραμμάτων
585 1717 662 1795 τῆς
686 1707 944 1796 βασιλικῆς
966 1707 1046 1774 καί
1068 1709 1209 1783 θείας
1231 1711 1398 1795 χειρός
1420 1711 1451 1789 †,

531 1901 679 1970 ΟΧΧΧΠ.
696 1901 771 1970 Sine
787 1862 879 1986 αοιιο,
896 1923 1003 1972 mense
1019 1901 1149 1985 octobri,
1164 1901 1229 1970 ind.
1245 1901 1296 1970 IV.

440 2049 606 2122 Imperator
621 2061 715 2108 ίασίκι·
730 2055 799 2108 iura
812 2052 936 2109 Ιοακπίσ
950 2053 1177 2109 Βλαόόοσστιατί
1189 2055 1221 2108 ίκ
1235 2051 1378 2110 Damio.

368 2198 602 2289 βἘτερον
629 2207 905 2292 πρόσταγμα
934 2212 1011 2270 τού
1045 2201 1201 2287 αύτού,
1237 2199 1285 2270 ού
1318 2203 1540 2289 προσηρά-

281 2327 429 2412 ψαμεν
452 2324 818 2415 Ῥαβδοκανάκη,
842 2333 979 2416 χάριν
1003 2337 1080 2394 τῶν
1105 2325 1242 2394 αὐτῶν
1265 2327 1538 2416 χωραφίωνῆ.

369 2446 448 2529 †‘0
477 2451 674 2538 βεστιαρίτης
697 2461 753 2538 τῆς
776 2453 941 2536 βασιλείας
964 2473 1037 2539 μού,
1060 2451 1205 2539 Ἰωάννης
1228 2449 1245 2517 ό
1268 2449 1537 2534 Ῥαβδοκανάκης,

283 2568 441 2660 ύπίμνηστ
463 2576 518 2660 τῆν
543 2575 706 2659 βασιλείαν
736 2597 809 2662 μοι,
835 2573 877 2648 ιὀς
901 2573 917 2640 ό
940 2575 1095 2662 πενθερός
1123 2571 1230 2653 αύτού,
1255 2573 1373 2647 ἐκεῖνος
1397 2570 1415 2639 ό
1438 2571 1538 2639 Βλατ-

195 2783 198 2790 ,
285 2697 383 2782 τορός,
409 2695 535 2786 ἔφθασε
558 2697 669 2763 δούναι
692 2695 776 2786 αότῷ
798 2702 882 2764 κατὰ
904 2699 999 2779 λόγον
1023 2701 1153 2780 προικός
1176 2701 1339 2785 μετὰτῶν
1362 2695 1467 2763 ἄλλων
1489 2696 1539 2759 καί

283 2821 323 2884 τὰ
346 2818 379 2895 ἔξ
403 2819 579 2909 ἆγορασίας
595 2823 804 2909 περιελθόντα
826 2826 927 2909 τούτῳ
950 2827 1099 2912 χωράιρια
1120 2821 1181 2888 ἀπό
1203 2832 1262 2886 τῶν
1281 2819 1306 2888 Γ
1309 2819 1539 2906 οωναροπούλων

285 2941 422 3029 ἐκείνων,
452 2949 491 3012 τὰ
519 2944 551 3012 ἐν
580 2959 619 3034 τῆ
642 2951 820 3033 τοποθεσίσρ
853 2957 908 3012 τού
936 2947 1140 3033 Δημοσιάτοο
1173 2955 1318 3033 ποταμοῦ
1346 2947 1536 3028 διακείμενα,

284 3064 331 3157 ἆρ’
362 3068 409 3144 ούς
435 3075 493 3135 καὶ
514 3072 750 3158 χροσόβοολλον
778 3081 834 3160 τῆς
863 3071 1028 3156 βασιλείας
1053 3091 1112 3158 μοο
1139 3073 1289 3158 πρόσεστι
1312 3072 1422 3155 τούτῳ,
1445 3059 1536 3150 διορι-

282 3195 415 3279 ζόμτνον
449 3198 652 3282 κατεχεσθαι
685 3193 756 3282 παρ’
794 3192 889 3259 οιότού
923 3199 1026 3260 πάντα
1060 3197 1100 3258 τά
1133 3195 1428 3280 προικσδοτηύόντα
1461 3185 1537 3272 αότιρ

283 3315 450 3404 οἱαδῆτινα
479 3317 623 3407 ἀκίνητα.
653 3327 705 3384 νύν
734 3319 769 3384 δὲ
793 3320 827 3383 τό
852 3322 946 3405 μόρος
969 3328 1025 3406 τῆς
1052 3317 1230 3406 σεβασμύας
1254 3325 1352 3404 μονῆς
1375 3326 1435 3381 τῶν
1456 3311 1535 3396 Λύμ-

285 3442 348 3524 βων
379 3453 525 3528 πειρᾶται
557 3441 825 3530 ὶδιοποιῆσασύαι
852 3446 1048 3508 τὰτοιαῦτα
1082 3444 1232 3530 χωροίρια
1258 3445 1317 3506 καί
1350 3447 1459 3506 τοῦτον
1485 3443 1533 3520 τῆς

285 3573 430 3651 κατοχῆς
457 3565 620 3644 ίκδιῶξαι,
643 3564 700 3631 καὶ
727 3575 827 3632 ταῦτα
850 3565 887 3631 ἐκ
916 3575 1044 3652 μακρῶν
1072 3567 1193 3651 χρόνων
1220 3567 1429 3650 κατεχόμενα
1456 3559 1533 3642 παρὰ

285 3695 340 3754 τοῦ
356 3691 511 3775 πενύιρού
528 3685 635 3768 αὐτοῦ,
658 3687 780 3756 ίκτίνοο
803 3697 857 3754 τού
872 3688 1062 3775 Βλαττεροό.
1087 3687 1154 3754 ίπεί
1177 3697 1263 3769 γοῦν,
1288 3687 1316 3753 τί
1339 3683 1438 3760 οὕτως
1460 3683 1529 3768 ἔχει,

286 3811 398 3880 ἄδικον
422 3811 592 3894 όλογίσατο
620 3821 711 3878 τούτο
734 3810 754 3902 ἡ
780 3813 926 3898 βασιλεία
942 3835 1013 3898 μου,
1036 3813 1208 3898 διορίζεται
1230 3814 1283 3878 διὰ
1305 3821 1362 3899 τῆς
1383 3809 1532 3896 παρούσης

285 3939 494 4022 προστάξεως,
517 3939 721 4024 κατέχεσθαι
743 3937 816 4023 παρ’
838 3933 934 4002 αύτοό
957 3941 1149 4002 τὰτοιαῦτα
1171 3939 1329 4024 χωράιρια,
1353 3936 1464 4006 καδύς
1484 3928 1532 3993 m?

286 4059 604 4148 όπροικοδοτῆύησαν
628 4056 721 4148 αύτῷ,
745 4063 800 4126 καὶ
824 4061 867 4147 μῆ
889 4059 974 4148 ἔχειν
998 4059 1107 4126 ἄδειαν
1131 4063 1166 4125 τό
1192 4064 1287 4146 μόρος
1310 4065 1366 4147 τῆς
1389 4054 1530 4145 ῥηθείσητ

287 4193 386 4272 μονῆς
416 4193 476 4250 τῶν
502 4183 639 4272 Λόμβων
667 4193 767 4250 ταῦτα
792 4183 1071 4268 ὶδιοποιῆσασδαι,
1106 4183 1191 4248 όιλλά
1226 4181 1356 4270 όιπόχειν
1383 4181 1417 4259 ἐξ
1442 4175 1529 4245 αότύν

286 4319 326 4394 τῆ
353 4305 508 4398 όμρανιίσρ
533 4318 589 4396 τῆς
616 4309 778 4396 παρούσης
804 4308 1005 4394 προστάξεως
1032 4315 1088 4393 τῆς
1112 4307 1277 4390 βασιλείας
1300 4329 1372 4394 μοο,
1397 4303 1463 4393 ἥτις
1482 4299 1530 4364 καί

287 4431 430 4513 ίηιηόντι
453 4430 496 4518 τῷ
519 4427 651 4520 ῥηύίντι
673 4430 920 4516 Ῥαβδοκανάκη
944 4429 990 4506 εἰς
1013 4429 1191 4520 ἀσφάλειαν
1211 4433 1242 4511 †.

373 4559 394 4636 †
426 4553 538 4642 Εἶχε
569 4559 625 4622 τό·
660 4559 769 4642 μηνὶ
803 4552 1041 4639 όκτωβρίιρ
1074 4552 1154 4620 ίνδ.
1190 4553 1217 4620 δ’
1250 4554 1301 4632 δι’
1337 4550 1528 4640 ίροόριῖ)ί

288 4679 1444 4766 γραμμάτωντῆςβασιλικῆςκαίδείαςχττρόςη.
