3238 5282
288 226 352 288 410

346 503 383 572 11.
408 505 464 573 Τό
490 511 753 596 πρατήριυν
777 508 942 596 ἑτέρου
965 511 1243 596 Κατζιόιόνη
1268 509 1492 576 Ἰωάννου.

375 662 427 730 Ἐν
451 662 582 750 δνόματι
605 674 660 731 τοῦ
683 669 802 754 πατρός
826 673 884 734 καί
906 678 961 734 τοῦ
985 668 1053 734 υἱοό
1084 673 1141 734 καί
1164 679 1220 734 τοῦ
1249 665 1342 748 ἀγίυυ
1365 669 1556 752 τνεόματυς.
1607 675 1608 762 3

287 785 434 874 Ἰωάννης
468 785 485 853 ὁ
519 787 726 878 Κατζιόιόνης
761 796 818 856 καί
851 792 973 880 Εἰρήνη
1006 790 1027 880 ἡ
1063 795 1175 858 τούτου
1213 793 1347 871 σόζυγος
1381 789 1558 878 ἀμφότεροι

286 922 380 998 κοινή
409 913 523 999 βουλή,
559 916 669 1000 γνώμη
704 938 740 979 τε
767 919 823 980 καί
852 915 1008 1001 ἀρεσκείᾳ
1036 914 1165 982 ἀνωθεν
1192 924 1248 980 τοῦ
1275 918 1431 999 παρόντος
1461 911 1557 1001 όφους

288 1034 361 1108 τούς
389 1037 501 1109 τύπους
529 1047 584 1102 τοῦ
609 1041 774 1125 ίωηφόρυυ
798 1043 854 1104 καί
877 1049 1098 1126 προσκυνητοδ
1122 1047 1259 1124 σταυροῦ
1287 1036 1422 1112 οἰκείαις
1445 1042 1558 1124 χερσίν

287 1156 540 1245 ἑντυπωσάμενοι
568 1162 602 1225 τό
630 1164 730 1248 παρόν
765 1160 912 1228 ἑκούσιον
941 1167 996 1227 καί
1025 1161 1268 1250 ἀμεταμέλητον
1301 1171 1356 1248 τῆς
1390 1164 1558 1246 καθαρᾶς,

287 1292 426 1370 φανερᾶς
449 1284 650 1369 διαπρόσεως
674 1282 890 1373 ἐνυπόγραφον
915 1285 1075 1374 ἔγγραφον
1097 1285 1187 1373 ήμων
1216 1283 1379 1371 τιθέμεθα
1402 1288 1463 1350 καί
1490 1306 1560 1349 ποι·

289 1416 385 1493 υόμεν
414 1407 585 1474 σόν-παντί
608 1407 651 1496 τῷ
674 1414 759 1490 γένει
781 1414 836 1474 καί
861 1408 949 1496 μίρει
976 1408 1065 1498 ἡμῶν
1088 1414 1144 1476 καί
1167 1407 1274 1496 αὐτοῖς
1301 1419 1366 1484 τοῖς
1394 1409 1558 1496 κληρονό-
1607 1419 1608 1500 3

291 1553 362 1617 μοις
389 1535 445 1596 καί
477 1532 687 1620 διακατόχοις
720 1529 809 1620 ἡμῶν
838 1532 992 1608 ἑκουσίως
1020 1537 1075 1600 καί
1106 1532 1279 1617 ἀβιάστως,
1314 1534 1476 1617 καθαρῶς
1504 1535 1558 1596 καί

289 1652 535 1742 ἀρρφδιοόργως,
572 1653 757 1730 αότυθελως
785 1661 841 1722 καί
874 1653 1144 1744 αότοπροαιρότως
1178 1661 1235 1722 καί
1263 1658 1306 1743 μή
1342 1657 1376 1732 δέ
1410 1654 1559 1742 ἀνάγκης

285 1775 306 1865 ή
336 1779 407 1862 βίας
433 1776 455 1866 ή
490 1781 590 1868 φόβου
618 1779 637 1868 ἢ
666 1781 763 1846 δόλου
791 1779 811 1868 ή
845 1779 1038 1868 ἀρχοντικής
1072 1781 1344 1852 καταδυνασττίας
1378 1778 1399 1867 ή
1434 1800 1557 1865 συναρ-

285 1911 391 1990 παγής
413 1901 433 1990 ἢ
457 1915 651 1993 περιγραφῆς
670 1903 691 1993 ἢ
714 1915 937 1993 παραγραφῆς,
963 1907 1018 1971 σόν
1037 1908 1202 1992 προθυμία
1224 1906 1260 1970 δὲ
1285 1905 1408 1990 μᾶλλον
1432 1901 1557 1989 ἀπάση,

286 2024 437 2114 όλοψόχιρ
471 2031 627 2114 προθέσει
663 2033 719 2092 καί
748 2027 855 2102 όπλῶς
885 2029 979 2094 εἰπεῖν
1009 2032 1089 2115 μετὰ
1115 2029 1237 2115 πολλής
1264 2023 1353 2114 ἡμῶν
1381 2037 1437 2114 τῆς
1476 2025 1559 2092 ἀπο·

286 2151 389 2238 δοχῆς
416 2155 472 2216 καί
500 2153 680 2239 θελήσεως,
710 2151 969 2238 ἀποβαλλόμενοι
995 2155 1051 2216 καί
1082 2151 1331 2238 ἀποταττόμενοι
1358 2161 1477 2225 κοινῶς
1502 2155 1559 2236 μὲν

285 2271 315 2339 οἱ
354 2271 507 2360 όμόίυγοι
541 2272 579 2340 ἐκ
614 2279 782 2363 συμφώνου
816 2273 904 2363 ἡμῶν
945 2273 1121 2361 ὁμολογίας
1155 2279 1211 2341 καί
1251 2274 1479 2361 ἐπερωτήσεως
1517 2273 1558 2360 μή

286 2400 383 2484 μόνον
409 2409 515 2463 πᾶσαν
542 2403 599 2464 καί
625 2404 778 2464 παντοίαν
800 2397 959 2464 ἰδιωτείαν
982 2402 1039 2462 καί
1064 2396 1245 2484 ἀγροικίαν,
1271 2397 1355 2463 ἀλλά
1379 2403 1436 2462 καί
1461 2395 1558 2462 αὐτόν
1607 2429 1608 2444 1

286 2523 340 2588 τόν
376 2521 568 2607 μετάμελον,
597 2526 653 2588 καί
681 2525 735 2588 τόν
770 2521 819 2588 ἐπί
854 2521 897 2610 τῷ
926 2522 1095 2608 μεταμέλιρ
1131 2522 1309 2608 μετάμελον
1342 2526 1400 2586 καί
1431 2523 1489 2608 τήν
1521 2521 1558 2586 ἐκ

286 2645 399 2710 τοότου
427 2649 612 2732 τικτυμόνην
639 2643 712 2733 ήμῖν
742 2643 870 2732 ἀγωγήν
898 2643 942 2718 εἰς
971 2643 1133 2729 ἀναίρεσιν
1162 2653 1217 2710 τοῦ
1244 2649 1400 2730 παρόντος
1431 2668 1557 2734 τρατη-

291 2773 359 2856 ρίου
387 2767 547 2855 ἐγγράφου
573 2765 677 2855 ἡμῶν,
711 2767 822 2842 ἰδικως
850 2769 886 2834 δὲ
915 2767 977 2847 ὲγιδ
1000 2764 1020 2855 ἡ
1044 2767 1164 2855 Εἰρήνη
1192 2767 1421 2854 ἀπυβάλλομαι
1447 2779 1557 2834 πάσαν

290 2896 347 2958 καί
373 2897 524 2958 παντοίαν
552 2895 735 2972 γυναικείαν
760 2890 931 2958 ἀσθένειαν
954 2894 1010 2956 καί
1038 2889 1161 2978 ἀπάτην
1186 2891 1241 2958 σόν
1265 2903 1303 2978 τη
1328 2895 1409 2978 μετὰ
1436 2893 1557 2958 διετίαν

291 3015 484 3104 ἐπερωτήσει
518 3022 574 3082 καί
609 3012 686 3082 αότδ
719 3019 755 3083 τό
791 3017 988 3100 βελλιάνειον
1017 3016 1123 3100 δόγμα
1158 3018 1192 3080 τό
1228 3026 1296 3089 ταῖς
1331 3015 1557 3102 ἀπατωμόναις

289 3141 409 3222 γυναιξί
435 3142 675 3228 προσβοηθσόν,
710 3142 787 3226 πρός
814 3135 897 3224 ὑμᾶς
926 3139 999 3213 τοός
1026 3143 1336 3218 πανευγενεστάτυυς
1367 3137 1556 3224 δμοζόγους,
1607 3169 1608 3232 }

289 3266 342 3329 τόν
365 3287 399 3330 τι
421 3267 637 3352 περιπόθητον
661 3266 803 3350 γαμβρόν
826 3272 882 3328 τοό
905 3272 1059 3349 κραταιοῦ
1087 3267 1143 3327 καί
1166 3259 1259 3342 ἁγίου
1282 3259 1371 3349 ἡμῶν
1396 3259 1557 3328 αόθέντου

289 3391 345 3453 καί
369 3388 535 3472 βασιλέως,
559 3397 619 3474 κόρ
640 3387 803 3454 Νικόλαον
835 3389 887 3452 τόν
909 3384 1129 3472 Μαλιασηνόν,
1154 3389 1212 3450 καί
1239 3387 1294 3472 τήν
1321 3388 1557 3474 ποθεινοτάτην

290 3511 423 3590 σόζυγόν
444 3533 512 3589 σου,
536 3513 593 3598 τήν
612 3514 829 3598 περιπόθητον
853 3507 984 3596 ἀνεψιὰν
1009 3517 1063 3574 τοῦ
1087 3518 1241 3596 κραταιοῦ
1265 3513 1321 3574 καί
1344 3505 1438 3589 ἁγίου
1465 3505 1557 3596 ἡμῶν
1607 3587 1608 3622 3

290 3630 447 3700 αόθόντυυ
474 3638 531 3700 καὶ
555 3636 721 3720 βασιλέως,
745 3633 924 3700 Δοόιιαιναν
948 3633 1205 3712 Παλαιολυγίναν
1233 3635 1333 3718 κυράν
1355 3631 1476 3698 ’Ἅνναν
1500 3636 1557 3718 τήν
1607 3651 1608 3712 3

289 3755 511 3846 Μαλιασηνήν,
535 3763 591 3824 καί
614 3760 654 3824 δι’
678 3754 764 3845 όμων
786 3760 865 3844 πρός
886 3757 940 3844 τήν
963 3762 1035 3842 παρ’
1060 3751 1157 3842 αὐτῆς
1174 3753 1476 3844 ἀνεγερθησυμὲνην
1500 3779 1556 3820 σε·
1607 3763 1608 3780 ί

290 3883 429 3968 βασμίαν
457 3882 688 3968 πατριαρχικήν
724 3881 821 3967 μονήν
856 3882 911 3967 τήν
939 3879 984 3953 είς
1018 3876 1121 3964 ὄνομα
1150 3871 1325 3966 τιμωμένην
1359 3887 1414 3944 τοῦ
1452 3885 1555 3966 τιμίου

288 4007 479 4081 πανενδόξου
506 4005 697 4092 Προδρόμου
725 4013 780 4090 τῆς
807 4003 895 4078 Νέας
923 4003 1047 4088 Πέτρας
1081 4005 1137 4068 καὶ
1164 4004 1240 4089 πρός
1274 4004 1310 4066 τό
1344 3999 1429 4067 άπαν
1461 4007 1557 4088 μέρος
1607 3993 1608 3996 “

289 4133 346 4194 καί
368 4130 526 4215 πλήρωμα
548 4130 680 4214 ταότης,
709 4129 823 4201 καθὼς
846 4128 1082 4214 δηλωθήσεται
1107 4128 1164 4188 καί
1187 4127 1247 4211 γὰρ
1272 4122 1379 4212 ἐπειδὴ
1405 4125 1555 4212 ἔγνωμεν,

288 4249 332 4326 ἀς
355 4253 409 4317 διὰ
432 4253 487 4340 τήν
511 4252 649 4339 ψυχικήν
678 4246 764 4337 ὑμῶν
792 4255 947 4337 σωτηρίαν
972 4247 1170 4334 ηρετίσασθε
1200 4245 1426 4335 ἐξωνήσασθαι
1455 4247 1557 4334 ἀμπε-

287 4375 393 4448 λῶνας
416 4376 449 4440 όν
473 4387 512 4463 τη
534 4386 671 4461 περιοχή
694 4383 750 4439 τοδ
766 4373 959 4440 Βιλεστίνου
976 4373 1062 4451 λόγῳ
1086 4380 1151 4456 τῆς,
1176 4369 1219 4443 ιδς
1242 4371 1375 4457 εἴρηται,
1401 4370 1556 4458 όμετόρας

287 4509 521 4587 πατριαρχικῆς
550 4508 648 4587 μονῆς
671 4506 726 4562 τοῦ
755 4497 943 4582 Προδρόμου
966 4497 1101 4582 πλησίον
1125 4505 1184 4558 των
1206 4499 1443 4574 γειτνιαίόντων
1470 4494 1554 4584 ἡμῖν,

289 4617 326 4686 υό
354 4633 473 4708 μικρῶς
500 4619 555 4687 οὖν
583 4625 639 4688 καί
667 4617 757 4708 ἡμεῖς
780 4623 865 4685 κατὰ
888 4623 940 4686 τόν
966 4622 1033 4702 βίον
1062 4619 1349 4704 στενοχωροόρενοι
1378 4618 1415 4686 ὲκ
1440 4629 1494 4706 τῆς
1519 4621 1553 4682 τό
