3140 5306
293 205 364 269 256*

295 405 422 489 συνήθη
450 401 639 489 ἀηταρείαν,
673 403 773 469 καθα
791 408 847 468 καί
873 407 1033 491 πρότερον,
1065 408 1121 470 καί
1141 402 1224 470 ἀλλο
1252 402 1337 468 εἴτε
1359 399 1480 488 ἀνήκει
1505 411 1539 486 τη

294 526 424 611 τοιαύτη
460 537 555 614 μονῇ,
590 523 786 612 εύηνομύνως
812 531 868 592 καί
895 523 1135 614 δλοπροθύμως.
1171 527 1199 592 εὶ
1225 526 1254 592 δ’
1284 523 1353 605 οὖν,
1387 522 1539 614 ἀφείλειδ

296 645 427 734 ἐνεργῶν
459 652 494 714 τύ
528 653 617 735 θέμα
648 660 708 714 τῶν
742 651 931 737 Θρακησίων
959 653 1073 736 δικαίῳ
1101 661 1157 716 τού
1191 652 1348 737 δημοσίου
1380 659 1477 714 ποιεῖν
1502 647 1539 722 εἰς

294 771 368 844 τούς
395 774 554 846 τοιούτους
580 777 720 859 χωρίτας
748 771 837 848 ἀξίαν
865 773 1030 838 παίδευσιν
1058 778 1115 840 καί
1142 771 1336 854 ἀναγκάζειν
1363 769 1409 846 είς
1434 774 1469 836 τδ
1495 775 1543 834 καί

296 892 433 967 ἀκοντας
457 889 647 960 ὑποκεῖσθαι
662 907 726 969 τοῖς
750 907 902 983 μοναχοῖς
927 899 983 961 καί
1002 898 1038 962 τό
1062 893 1182 984 ἀνῆκον
1205 896 1327 962 διδόναι
1348 890 1463 968 αὐτοῖς.
1485 889 1544 958 ἀτεί

296 1017 332 1082 δέ
356 1022 524 1102 στρατείας
547 1022 715 1105 γινομένης
737 1021 796 1104 πρὸ
819 1028 934 1104 καιροῦ
959 1018 1108 1106 ἔφθασαν
1132 1018 1162 1084 οἱ
1183 1027 1320 1084 τοιούτου
1342 1018 1467 1084 ἔποικοι
1485 1016 1543 1082 Βύ-

296 1161 354 1227 ρης
388 1142 602 1206 δανείσασθαι
629 1139 691 1208 ἀπὸ
720 1149 774 1208 τού
803 1145 918 1228 μέρους
950 1143 1186 1208 τῶντοιούτων
1212 1152 1363 1229 μοναχῶν
1396 1137 1541 1226 ύτέρπυρα

297 1260 408 1342 έξάηια
429 1268 730 1351 πεντηκονταπέντε,
757 1263 816 1330 καὶ
842 1274 899 1352 τῆς
925 1267 1042 1330 τούτων
1066 1264 1250 1340 ἀποδόσεως
1277 1259 1418 1339 ούδύλως
1447 1267 1543 1350 μνείαν

296 1391 494 1474 πεποίηνται,
523 1388 693 1474 διορίζεται
715 1385 735 1476 ἡ
759 1389 906 1473 βασιλεία
930 1411 990 1474 μου
1013 1389 1068 1454 διά
1090 1397 1146 1476 τῆς
1168 1391 1332 1475 παρούσης
1346 1389 1543 1475 προστάξεως,

295 1507 340 1582 cb<
368 1507 405 1576 ἀν
434 1509 635 1576 ἀποδώσουσι
661 1515 717 1576 καί
743 1521 844 1578 ταῦτα
871 1511 913 1598 τῷ
940 1517 1028 1598 μέρει
1052 1519 1107 1598 τῆς
1132 1521 1230 1600 μυνης
1257 1513 1342 1576 κατὰ
1365 1513 1403 1576 τύ
1432 1508 1545 1595 ἀπαρύ-

296 1635 421 1698 λειπτύν
446 1657 478 1698 τε
501 1638 558 1699 καί
581 1631 800 1720 ἀκολύβωτον,
824 1634 852 1700 εί
875 1636 917 1723 μή
943 1635 1109 1719 βούλονται
1135 1635 1214 1722 πρὸς
1237 1634 1282 1720 τηῖ
1304 1637 1361 1700 καί
1389 1631 1544 1722 ἀφαίρεσιν

297 1753 471 1844 ὑποστῆναι
494 1760 723 1824 τῶντοιούτων
746 1761 949 1846 νομισμάτων
971 1761 1028 1824 καί
1051 1761 1166 1845 ζημίαν
1195 1757 1327 1825 πλείονα
1348 1759 1474 1824 παθεῖν.
1500 1756 1546 1820 διὰ

298 1886 359 1965 γὰρ
383 1891 475 1946 τούτο
500 1881 643 1962 έγεηύνει
669 1881 726 1947 καὶ
749 1879 765 1946 δ
788 1883 897 1968 παριδν
921 1891 977 1969 της
1000 1883 1165 1966 βασιλείας
1193 1905 1253 1968 μου
1276 1879 1407 1968 ὁρισμὸς
1430 1881 1472 1967 τῷ
1493 1875 1544 1964 μέ-

298 2026 348 2090 ρει
370 2013 426 2091 τῆς
449 2007 597 2092 τοιαύτης
621 2015 719 2092 μονῆς
743 2005 787 2080 είς
812 2004 988 2094 ἀσφάλειαν
1012 2008 1043 2086 †.

387 2145 546 2233 βΕἷχε
574 2147 631 2210 τά·
667 2150 773 2232 μηνί
801 2150 1095 2235 ρευρουαρίτρ
1129 2145 1209 2210 ἰνδ.
1245 2145 1473 2230 δευτέρας
1504 2139 1547 2206 δι’

299 2266 508 2355 ἀρυθρῶν
549 2273 831 2357 γραμμάτων
874 2279 951 2356 τῆς
995 2269 1249 2358 βασιλικῆς
1299 2267 1378 2334 καὶ
1421 2270 1547 2338 θείας

296 2394 458 2480 χειρός
492 2397 523 2474 †.

571 2657 689 2742 0Lx11.
706 2673 783 2741 Sine
798 2694 892 2755 anno,
908 2693 1015 2740 mense
1030 2673 1148 2754 martio,
1166 2673 1230 2739 ind.
1248 2671 1284 2740 V.

532 2823 695 2896 Imperator
709 2825 777 2879 ίειτσ
792 2833 818 2878 αῖ
829 2825 1022 2895 potamiena
1036 2825 1202 2878 οιοιιαεῖεήε·
1217 2832 1319 2882 tuetur.
1340 2853 1343 2860 .

387 2975 727 3063 ῒΠρύσταημα,
753 2973 1016 3062 ἀποτρέπον
1042 2978 1217 3050 πάντας
1244 2971 1428 3048 τούςύς
1455 2975 1548 3058 πλη-

300 3103 1138 3193 σιαστάςτῶντηςμονηςκτημτίτων
1165 3104 1244 3164 καί
1270 3097 1548 3166 ἀδικοῦντας

299 3233 444 3290 ταῦτα
477 3228 507 3304 β

388 3368 408 3445 †
431 3353 543 3430 Οίκεῖε
560 3367 760 3450 γραμματικέ
784 3373 840 3450 της
864 3365 1029 3447 βασιλείας
1053 3385 1128 3450 μου,
1156 3363 1232 3439 δούξ
1253 3363 1476 3447 τού-θύματος
1497 3367 1549 3423 τιῖν

299 3488 498 3572 Θρακησίων,
533 3485 636 3552 Φωκοῖ
670 3484 878 3572 Αύτωρειανέ.
914 3485 945 3552 οἱ
972 3491 1109 3574 μοναχυί
1137 3495 1192 3573 της
1220 3489 1305 3552 κατὰ
1335 3487 1390 3572 την
1418 3484 1551 3571 Σμύρνην

301 3611 477 3696 σεβασμίας
506 3620 604 3696 μονῆς
631 3621 687 3696 της
720 3611 887 3693 βασιλείας
916 3633 977 3696 μου
1004 3619 1060 3696 της
1089 3608 1136 3684 είς
1163 3606 1267 3696 ὄνομα
1294 3613 1472 3696 τιμωμένης
1501 3615 1551 3690 τῆς

302 3729 481 3819 ύπεράτνου
516 3755 575 3820 μου
603 3735 770 3820 δεσποίνης
804 3737 861 3797 καί
894 3735 1096 3820 θεομὴτορος
1129 3737 1185 3798 καί
1220 3730 1473 3820 ἀπικεκλημένης
1504 3735 1551 3792 τοῦ

301 3855 434 3943 Λέμβοσ
463 3855 626 3945 ἀνέφερον,
650 3853 698 3920 ὅτι
721 3859 791 3921 τινὰ
813 3859 963 3942 κτήματα
985 3858 1171 3942 προσωπικά
1200 3858 1257 3922 καί
1278 3853 1455 3942 ἀρχοντικὰ
1476 3853 1552 3939 πλη-

303 3983 449 4054 σιάζουσι
475 3991 540 4054 τοῖς
567 3985 729 4066 μετοχίοις
757 3978 873 4058 αύειῖν,
896 3989 1156 4068 περιφρονοῦντες
1183 3979 1219 4044 δέ
1249 3977 1279 4043 οἱ
1300 3982 1493 4066 κατέχοντες
1518 3978 1553 4040 τὰ

303 4112 434 4211 τοιαῦτα
456 4107 605 4191 κτήματα
627 4104 936 4168 καταπλεονεκτοδσι
959 4107 1015 4167 καί
1038 4101 1186 4168 ἀδικοῦσι
1209 4106 1249 4168 τά
1271 4111 1403 4168 τοιαῦτα
1426 4105 1553 4188 μετύχια

302 4235 359 4312 τῆς
385 4224 456 4292 κατ’
482 4225 597 4300 αύτούς
620 4229 769 4313 τοιαύτης
791 4229 969 4313 σεβασμίας
993 4235 1100 4313 μονῆς,
1123 4231 1180 4295 καί
1203 4224 1374 4307 ἀπάγουσιν
1399 4219 1479 4312 αύτῇ
1502 4217 1554 4288 οὐκ

302 4347 412 4438 δλίηην
436 4348 578 4418 έπίθεσιν
594 4331 651 4414 καί
674 4353 800 4436 ζημίαν,
824 4347 1019 4436 ἀρποίίοκτες
1042 4353 1098 4414 καί
1119 4349 1366 4436 ἰδιοποιούμενοι
1381 4348 1411 4414 εἴ
1430 4371 1461 4413 τι
1483 4345 1554 4432 βού-

303 4475 413 4539 λονται
436 4473 498 4540 ἀπὸ
521 4485 580 4540 τῶν
605 4470 785 4560 ἀνηκύντων
808 4469 914 4546 αύτοῖς
936 4469 1080 4550 δικαίων,
1107 4468 1183 4559 ὑπέρ
1207 4469 1243 4538 ού
1267 4478 1323 4540 καί
1344 4472 1554 4560 παρακλητέο-

305 4617 366 4662 σαν
389 4598 444 4682 την
468 4599 632 4680 βασιλείαν
656 4619 726 4682 μου,
749 4593 816 4682 ἥτις
832 4595 889 4662 καὶ
911 4596 1080 4682 διυρίζεταί
1097 4619 1158 4676 σοι,
1180 4593 1225 4674 εδς
1247 4596 1295 4682 ἀν,
1317 4597 1404 4684 εἴπερ
1425 4595 1473 4664 ἔνι
1493 4615 1554 4658 τοι·
