3228 5296
266 258 304 320 16

265 453 343 536 πρός
378 448 504 536 ἄρκτον,
539 460 649 535 κρατεῖ
676 449 731 535 την
760 451 889 538 τάφρον,
913 451 969 514 καί
998 446 1172 536 ἀπέρχεται
1205 449 1282 532 πρός
1310 443 1434 526 ἀλίγον,
1472 445 1546 509 εἶτα

267 578 436 663 στρέφεται
462 575 541 658 πρός
571 571 743 650 ἀνατολὰς,
778 585 888 659 κρατεῖ
915 573 970 660 την
999 575 1117 660 τάφρον
1146 576 1247 660 μέχρι,
1267 579 1322 636 τοῦ
1351 568 1541 655 ἀκρογιόνοο

268 701 400 786 ταύτης,
424 701 618 785 γαμματίίει
644 700 701 762 καί
729 693 825 770 αόδις
852 699 930 783 πρός
958 695 1088 782 ἄρκτον,
1112 698 1168 760 καί
1194 704 1308 780 κρατεῦ
1330 695 1385 781 τὴν
1409 697 1541 781 τάφρον,

270 825 399 909 διαιρῶν
419 823 508 898 δεξιά
530 821 640 886 διόλοο
663 823 703 886 τά
726 822 838 886 δίκαια
860 829 915 886 τοῦ
939 825 1058 907 χωρίοο
1074 817 1307 906 Πρινοβάρεοις,
1333 817 1487 905 ἀριστερὰ
1504 821 1542 880 τά

264 947 517 1033 περιοριζόμενα,
542 948 711 1034 στρέφεται
726 946 804 1031 πρός
825 941 995 1022 ἀνατολὰς,
1016 947 1074 1010 καί
1090 939 1265 1031 ἀπέρχεται
1287 951 1342 1008 τοῦ
1365 943 1419 1006 διά
1440 942 1543 1006 λίθου

266 1069 493 1157 σταοροειδοῦς
525 1065 600 1154 όροο
635 1076 691 1132 τοῦ
723 1063 898 1154 λεγομάνοο
933 1067 1135 1154 Σταυρωτοῦ,
1163 1068 1265 1132 κλίνει
1298 1068 1378 1153 πρός
1412 1087 1544 1154 μεσημ-

267 1196 371 1280 βρίαν,
396 1205 507 1280 κρατεῖ
528 1193 584 1279 την
608 1195 726 1279 τάφρον
749 1193 804 1278 την
828 1189 872 1265 ὣς
888 1192 922 1256 έν
945 1195 1090 1279 σχήματι
1114 1185 1257 1276 ῥοακίοο,
1281 1193 1338 1256 καί
1362 1187 1542 1277 ἀπέρχεται

265 1320 344 1404 πρός
366 1315 485 1398 όλίγον,
510 1319 679 1405 στρέφεται
701 1319 758 1381 καί
779 1311 876 1388 αὖθις
898 1317 975 1402 πρὸς
998 1316 1097 1393 δόσιν,
1120 1325 1231 1402 κρατεῖ
1251 1315 1308 1402 την
1331 1317 1464 1404 τάφρον,·
1485 1317 1543 1378 καί

267 1438 443 1528 ἀπέρχεται
473 1444 570 1528 μέχρι
600 1449 656 1506 τοῦ
680 1435 867 1526 ἀκρογοίνοιι
897 1448 953 1506 τοῦ
976 1443 1142 1528 χωραφίοο
1164 1446 1220 1504 τοῦ
1242 1449 1333 1504 πατά
1356 1437 1544 1523 Προκοπίοο

267 1573 323 1630 τοῦ
346 1560 405 1632 ότό
437 1567 477 1629 τὰ
500 1565 611 1630 δίκαια
639 1575 695 1652 της
725 1563 959 1651 Πρινοβάρειος,
991 1559 1088 1638 αὖθις
1111 1568 1280 1652 στρέφεται
1308 1565 1387 1649 πρός
1411 1561 1543 1648 ἄρκτον,

268 1685 371 1755 όδεόει
400 1686 473 1754 κατ’
503 1683 646 1770 εὐθεῖαν,
682 1697 794 1774 κρατεῖ
823 1689 879 1775 την
910 1691 1039 1777 τάφρον,
1070 1691 1127 1754 καί
1147 1685 1322 1775 ἀπέρχεται
1354 1691 1450 1774 μέχρι
1482 1695 1543 1750 τῶν

267 1813 435 1899 προπόδων
459 1823 514 1879 τοῦ
538 1814 666 1898 βουνοῦ,
695 1811 778 1877 ἔνθα
804 1812 859 1877 διὰ
883 1813 983 1878 λίδιον
1006 1812 1132 1876 πολλῶν
1156 1807 1322 1898 ῥιῑιμαίονν
1353 1807 1492 1898 λόφωμά
1515 1831 1546 1873 τι

270 1937 366 2018 ἐστίν,
389 1934 537 2024 ἀναφορᾷ
556 1937 634 2022 πρός
658 1933 784 2022 όίρκτον,
808 1936 939 2020 διαιρῶν
961 1939 1001 2000 τὰ
1024 1936 1136 2000 δίκαια
1150 1945 1207 2024 της
1222 1934 1455 2022 Πρινοβάρεινς,
1474 1932 1546 2019 ἀρι-
1593 1897 1594 1916 ¹

267 2065 368 2148 στερά
392 2065 433 2126 τά
458 2062 712 2146 περιοριζόμενα,
737 2058 759 2124 ά
781 2063 838 2124 καί
862 2057 1037 2147 ἀπέρχεται
1067 2063 1163 2146 μέχρι
1186 2069 1243 2146 τῆς
1266 2060 1462 2132 τοποθεσίας
1486 2067 1545 2144 τῆς

270 2183 498 2270 ίπιλεγομένης
520 2193 580 2247 τῶν
604 2181 776 2268 Καλοβίοιν
806 2191 863 2270 τῆς
884 2180 1116 2270 Μανικαραίας,
1145 2183 1229 2250 ἔνθα
1252 2180 1433 2271 εὑρέθησαν
1457 2185 1545 2247 κατὰ

271 2318 331 2396 γῆς
353 2313 498 2394 κείμεναι
521 2300 677 2394 ῥιίιμαῖοιι
700 2309 813 2394 σεμναί
829 2311 949 2393 πέτραι,
972 2311 1031 2373 καί
1054 2309 1088 2374 έν
1112 2307 1171 2395 μιφ
1195 2309 1311 2374 τοῦτον
1335 2304 1544 2392 έγκεκολαμ-

271 2437 352 2522 μένα
375 2429 438 2498 ἀπό
460 2431 600 2516 παλαιοῦ
625 2433 799 2518 γράμματα
821 2431 992 2518 δηλοῦντα·
1015 2429 1091 2518 όρος
1112 2431 1242 2520 Μήλιον,
1266 2429 1300 2496 έν
1320 2431 1345 2521 η
1365 2433 1546 2518 πέτρακαὶ

269 2549 343 2644 παρ’
367 2552 456 2644 ἡμῶν
481 2552 704 2642 ίλαίεῦθησαν
728 2557 903 2642 γράμματα
925 2556 1101 2642 δηλοῦντα·Ἰ
1127 2551 1202 2643 όρος
1231 2551 1375 2643 Λέμβοο.
1399 2553 1464 2621 ἀπὸ
1488 2564 1547 2642 της

272 2679 441 2768 εἰρημένης
470 2681 667 2753 τοποθεσίας
697 2679 799 2744 κλίνει
820 2681 898 2766 πρός
921 2680 1129 2765 δοτικάτερον
1153 2679 1280 2768 ἄρκτον,
1307 2676 1367 2746 ίῦν
1389 2679 1480 2756 δεξιὰ
1504 2681 1546 2744 τά

270 2813 327 2892 της
348 2802 571 2891 Πρινοβάρεοις
594 2803 716 2882 δίκαια,
749 2801 900 2890 ἀριστερὰ
930 2806 971 2869 τὰ
1000 2807 1254 2891 περιοριζόμενα,
1284 2807 1343 2870 καί
1365 2802 1546 2891 ἀπέρχεται

271 2933 366 3016 μέχρι
387 2935 443 2993 τοῦ
467 2924 677 3014 ἀκροβοῦνοο,
710 2926 795 2993 ἔνθα
817 2925 900 3016 ἦσαν
922 2931 1000 2994 ποτέ
1021 2929 1146 2994 παλαιὰ
1168 2932 1354 3016 κοομάσσια
1376 2935 1432 2994 τοῦ
1456 2927 1548 3015 Προ-

271 3056 388 3119 στάτοο
411 3055 468 3118 καί
499 3059 554 3116 τοῦ
584 3049 779 3137 Βλαττεροῦ,
811 3051 896 3119 όνδα
917 3048 1099 3140 εὑρέθησαν
1122 3055 1179 3118 καί
1211 3049 1244 3117 δν
1269 3051 1331 3138 μιφ
1353 3063 1414 3118 τῶν
1437 3049 1544 3118 έκεῖσε

272 3172 434 3263 ῥιζνμαίων
470 3175 617 3263 μεγάλων
649 3185 770 3262 πετρῶν
804 3179 977 3263 γράμματα
1008 3174 1071 3242 ἀπό
1096 3175 1237 3244 παλαιοῦ
1264 3176 1435 3265 δηλοῦντα·
1467 3173 1545 3262 ὅρος

273 3300 451 3386 βασιλικός,
475 3298 508 3366 ἐν
538 3299 563 3386 η
591 3303 692 3388 πέτρα
723 3303 782 3366 καί
803 3295 876 3388 παρ’
900 3296 989 3388 ἡμῶν
1020 3298 1244 3388 δλαίεῦδησαν
1274 3304 1451 3389 γράμματα
1479 3301 1545 3388 δη-

270 3425 401 3492 λοῦντα·
425 3419 500 3511 όρος
521 3421 663 3510 Λέμβοο.
693 3427 861 3513 στρέφεται
883 3428 939 3490 καί
963 3421 1059 3498 αὖθις
1081 3425 1158 3512 πρός
1182 3421 1343 3500 ἀνατολάς
1369 3427 1448 3513 πρός
1471 3421 1545 3492 όλί-

270 3568 338 3630 γον,
361 3551 418 3614 καί
438 3545 522 3634 περᾷ
546 3549 583 3612 τό
607 3543 709 3612 έκεῐσε
732 3551 910 3635 χειμερινὸν
934 3543 1065 3634 ροάκιον
1089 3546 1269 3638 ἀναφοράν,
1290 3552 1347 3615 καὶ
1371 3547 1545 3636 ἀνέρχεται

271 3680 329 3760 της
351 3680 494 3760 κορυφῆς
516 3677 572 3736 τοῦ
596 3672 710 3756 βοονοῦ
734 3677 789 3737 τοῦ
812 3672 986 3760 λεγομένου
1008 3670 1235 3760 Μαίοχόρτοο,
1268 3677 1436 3763 στρέφεται
1464 3675 1546 3760 πρὸς

270 3797 373 3876 δόσιν,
397 3805 522 3883 κρατοῦν
546 3796 602 3884 τὴν
626 3791 722 3884 ῥάχιν
746 3795 797 3862 έπί
819 3797 909 3878 πολῦ,
934 3797 1066 3883 διαιρῶν
1090 3797 1177 3874 δεξιά
1201 3801 1258 3885 μέν
1282 3801 1340 3872 τὰς
1362 3795 1545 3885 καταρρεό-

271 3943 337 3995 σεις
365 3929 426 3987 τῶν
453 3917 651 4006 δμβριμαίονν
679 3914 801 3986 ὑδάτων
828 3921 906 4006 πρός
934 3921 974 3985 τά
996 3920 1109 3986 δίκαια
1136 3929 1192 3987 τοῦ
1214 3921 1406 4009 προαστείου
1428 3921 1545 4009 Τηγα-

271 4049 344 4110 νίονν
360 4053 417 4132 τῆς
440 4043 665 4130 μητροπόλεως
688 4041 841 4132 Σμύρνης,
863 4041 1013 4132 ἀριστερὰ
1034 4049 1074 4111 τὰ
1093 4049 1344 4132 περιοριζόμινα,
1366 4051 1424 4112 καί
1444 4043 1545 4134 ἀπέρ-

273 4191 367 4256 χεται
391 4171 486 4254 μέχρι
509 4176 566 4255 τῆς
585 4177 727 4256 κορυφῆς
746 4177 802 4234 τοῦ
822 4169 1047 4255 ίολοκάστροο,
1071 4171 1220 4256 περιειλεῖ
1240 4172 1320 4257 πρός
1342 4165 1544 4258 μεσημβρίαν

271 4295 465 4380 κατωφερὲς,
487 4297 544 4359 καί
573 4289 746 4379 ἀπέρχεται
774 4297 869 4380 μέχρι
896 4301 951 4358 τοῦ
981 4291 1109 4362 άνονδεν
1137 4289 1293 4381 ῥηθέντος
1325 4290 1459 4382 ῥοακίοο
1486 4305 1544 4362 τοῦ

272 4415 412 4503 Σωματᾱ
441 4421 499 4481 καί
520 4426 576 4482 τοῦ
608 4414 770 4496 αἰγιαλοῦ,
803 4413 881 4482 ὅθεν
904 4421 961 4482 καί
983 4415 1111 4506 ἤρξατο.
1143 4415 1232 4494 έντός
1255 4421 1292 4486 δέ
1316 4429 1372 4486 τοῦ
1400 4421 1544 4486 τοιοῦτοο

270 4543 420 4626 περιόροο
442 4544 571 4606 καὶτοῦ
596 4537 881 4626 ἀναγεγραμμένοι
901 4545 1020 4630 χονρίοο
1035 4549 1093 4630 τῆς
1113 4541 1223 4630 Βάρης
1246 4542 1318 4631 ἤτοι
1340 4555 1401 4610 τῶν
1423 4541 1545 4632 Μήλιον

269 4668 429 4750 κέκτηται
460 4659 483 4750 ἡ
512 4665 593 4751 μονὴ
623 4667 772 4750 μετόχιον
796 4666 848 4732 τόν
872 4662 964 4746 ἅγιον
987 4663 1160 4751 Γειόργιον,
1192 4663 1225 4732 έν
1248 4667 1277 4754 ηί
1300 4671 1355 4733 καί
1380 4667 1544 4752 ἀνῳκοδο-
