3140 5306
47 489 119 565 λίιις,
141 492 243 572 αορυδ
266 483 411 550 ’ίειάννοο
435 495 489 552 τού
512 485 631 564 Δούκα,
655 489 711 550 καί
731 487 785 552 διὰ
808 485 1048 574 χρυσοβούλλοο
1069 485 1167 566 λόγου
1188 483 1295 550 ἐπικο-

47 619 155 695 ρυύντος
183 612 225 674 τὰ
253 620 292 696 τη
320 610 451 696 τοιαύτη
478 615 563 697 ’μόνη
591 612 764 696 προσόντα,
793 609 815 675 ἃ
841 613 897 675 καί
926 608 1160 698 ἀριδηλστίρως
1196 609 1302 698 ‘W‘

47 753 135 820 ρυνται
157 729 191 797 ίν
216 735 261 818 τῷ
281 723 452 820 καθυλικίρ
477 735 682 820 παραδυτικῷ
704 743 760 799 τού
788 735 1067 819 στρατοπεδάρχου
1092 731 1217 798 ἐκείνου
1240 737 1298 798 καί

45 859 142 930 δυοκός
165 865 223 922 τοῦ
243 860 387 943 θύματος
407 859 599 944 Θρακησίων
623 861 679 922 καί
695 857 945 944 Φιλαδελφείας,
962 865 1060 942 κυρού
1083 855 1217 943 Μιχαὴλ
1240 866 1301 921 τού·

47 981 141 1058 Φοκα,
167 979 214 1054 τίς
238 980 257 1045 δ
279 981 319 1067 δή
344 985 424 1068 μετὰ
448 992 508 1045 των
532 979 637 1045 ἄλλων
660 985 716 1046 καί
737 977 754 1045 ύ
778 991 832 1046 τού
856 985 975 1068 χωρίου
993 979 1113 1068 Μήλαν
1134 978 1207 1067 ἤτοι
1229 979 1297 1046 Βά-

47 1127 88 1191 ρης
107 1107 311 1192 τεριορισριός
334 1106 531 1192 διερμηνεύιι
553 1107 611 1170 καί
633 1105 686 1168 διδ
710 1108 850 1191 σημιίων
872 1104 1073 1178 δκτυπυύται,
1096 1103 1301 1190 διαχωρίζων

46 1233 74 1292 τί
95 1229 205 1294 δίκαια
230 1239 290 1294 τῶν
312 1230 400 1314 πίριξ
423 1213 534 1316 χωρῶν
558 1238 613 1316 τῆς
637 1251 671 1292 τε
699 1227 916 1314 Πρινοβάρευς
943 1230 999 1292 καὶ
1022 1237 1082 1292 τόν
1104 1225 1295 1313 Ήοορριυύν-

47 1371 99 1430 ων,
125 1349 197 1416 ἀλλ’
221 1346 243 1439 ἡ
267 1361 323 1439 τῆς
344 1353 528 1427 πλεονεξίας
551 1351 654 1415 λύσσα
682 1361 747 1425 τοῖς
769 1352 886 1436 ταύτην
909 1351 993 1430 λίγιε
1014 1353 1227 1436 κτχραμίνυις
1251 1345 1296 1423 ὣς

46 1475 185 1561 μηδίτοτε
214 1478 313 1562 κύρον
348 1475 471 1562 ύχοοσα
499 1478 555 1540 καί
581 1476 711 1549 τούτους
739 1475 779 1561 δη
808 1475 881 1548 τούς
910 1471 949 1538 ίκ
976 1483 1036 1538 τῶν
1063 1472 1294 1560 Μυορμούντων

45 1595 259 1684 τηδυναστεία
280 1604 466 1685 χρωμενοος
489 1573 642 1677 ίπίθεσιν,
669 1594 717 1663 ύτι
739 1599 860 1684 πολλὴν
883 1608 943 1662 τῶν
958 1600 1138 1683 προσόντων
1162 1599 1297 1664 δικαίων

12 1727 13 1732 ’
45 1733 172 1810 ιημυνρ
201 1724 439 1808 διιιργάαανευ,
464 1721 509 1796 είς
533 1720 665 1796 λαοτυύς
693 1723 915 1808 ίπηλάσαντες
937 1724 977 1786 τά
1001 1719 1044 1808 τῷ
1063 1720 1131 1808 θεῷ
1154 1719 1294 1810 ἂριτρω-

45 1851 114 1931 ρίνα,
148 1848 363 1935 μηδυτωσυύν
396 1849 589 1934 προσψαύειν
624 1869 662 1911 τι.
697 1845 874 1911 κάνττύθτν
908 1845 938 1911 οἱ
966 1849 1104 1932 μοναχυί
1138 1846 1295 1932 διηνεκῶς

11 1991 13 2000 ’
43 1973 101 2054 τρός
122 1974 173 2036 τόν
197 1973 279 2036 θεόν
296 1967 515 2044 ἀνατείνοντες
538 1969 611 2043 τούς
634 1970 763 2055 νοερούς
784 1967 975 2057 ὀφθαλμούς
997 1973 1053 2034 καί
1077 1977 1212 2050 γνόντες
1235 1970 1298 2056 την

44 2105 137 2159 ττδσιν
160 2093 256 2160 τοῦδε
284 2104 340 2162 τού
361 2091 580 2182 άτυκηματυς,
605 2097 660 2182 την
688 2117 722 2160 τε
745 2071 870 2160 Ιίαιοτων
896 2095 1119 2182 περιφρόνησιν
1148 2096 1206 2158 καί
1234 2095 1297 2181 τηκ

45 2217 142 2306 ίναργη
169 2219 359 2284 δυναστείαν
388 2229 448 2284 τῶν
472 2207 642 2306 είρημίνων
665 2222 743 2305 τρίς
766 2221 802 2284 τό
827 2217 994 2302 βασιλικόν
1021 2220 1078 2282 καί
1100 2219 1190 2282 θεῖον
1212 2212 1295 2305 ύόες

46 2339 214 2428 ίνίδραμον,
244 2343 286 2428 μη
311 2347 459 2431 φύροντες
487 2340 569 2416 ὅλως
592 2345 626 2408 τό
656 2339 817 2429 δτύπημα·
845 2343 877 2406 οἳ
903 2341 939 2406 δί
971 2343 1029 2406 καί
1057 2339 1295 2426 ἀντικριθίντεά

45 2465 76 2551 τῷ
95 2469 371 2548 τανευγενεστάτιρ
405 2465 566 2554 Κυμνηνηῐ
593 2465 636 2555 τηῖ
662 2466 773 2555 Βρανᾴ
805 2462 826 2554 ἡ
854 2475 910 2531 τού
945 2469 1097 2552 σικρίτυο
1127 2463 1298 2538 δικαίωσις

46 2591 102 2674 τρίς
127 2585 245 2665 αύτούς
273 2589 421 2678 ἀπελύθη
449 2591 647 2666 δικαιιόυεως
669 2589 776 2668 ίνικα,
806 2591 1044 2676 ότικορωθιισα
1070 2593 1128 2656 καί
1153 2589 1208 2654 διὰ
1232 2591 1297 2674 βα-·

10 2755 11 2836 3
47 2716 147 2780 τιλυιυδ
170 2718 230 2779 καί
252 2717 347 2779 θείου
373 2718 633 2800 προστάγματος,
663 2712 747 2780 ἀλλὰ
771 2717 827 2778 καί
850 2715 928 2801 πρός
951 2713 1138 2780 ίτιστασίαν
1161 2713 1296 2800 τοτικην

46 2835 121 2911 δόλος
141 2841 360 2928 κατετίμφθη
384 2841 474 2912 θεῖος
497 2837 627 2925 ὁρισμός
652 2840 695 2925 τῷ
715 2839 925 2923 πανσεβοίστιρ
948 2837 1058 2923 οίκείμ
1082 2837 1125 2924 τῷ
1144 2833 1298 2922 κραταιῷ·

46 2965 85 3024 καί
103 2959 181 3050 ιίγίιμ
204 2953 296 3050 ἡμῶν
320 2958 462 3048 αύθίντη
486 2965 542 3026 καί
559 2961 696 3046 βασιλεῖ,
719 2958 900 3047 δομευτίκιρ
924 2971 984 3026 των
1008 2959 1206 3026 ἀνατολικῶν
1228 2957 1296 3024 θε-’

47 3087 130 3166 ρότων
150 3085 195 3174 τῷ
211 3085 449 3172 Σγουροπυύλιρ,
473 3081 690 3172 διοριζόμενυς
714 3079 800 3170 αύτηῐ
825 3082 927 3150 λκείσι
946 3081 1097 3150 ἀπελθεῖν
1120 3081 1197 3168 πρός
1221 3079 1291 3158 ἰξί-

10 3247 11 3306 3
46 3229 113 3274 ιαυιν
133 3221 191 3299 της
214 3211 363 3298 τοιαύτης
388 3205 582 3288 ύποθύσιως,
607 3203 729 3282 υύτινος
753 3209 793 3295 δη
817 3208 940 3297 γραφὴν
963 3204 1036 3296 ημῖν
1055 3207 1292 3294 προκτκύμικιν

10 3311 12 3390 ύ
47 3328 125 3421 ύιης
152 3336 333 3420 σεβασμίας
360 3335 478 3420 ταύτης
506 3333 677 3419 βασιλικῆς
705 3342 802 3420 μονῆς
830 3329 1003 3406 ὁσιώτατος
1029 3331 1290 3418 καθηγούμενος,

10 3513 11 3516 ,
47 3453 233 3546 ίιρορόναχυς
257 3467 317 3544 κύρ
336 3455 529 3535 Κάλλιστος,
557 3465 800 3543 παρεγγουῦσαν
829 3454 1007 3544 ἀρικίσθαι
1035 3453 1068 3520 ίν
1095 3467 1160 3528 τοῖς
1180 3456 1290 3520 τοιού-

46 3599 93 3654 τοις
116 3587 224 3656 τότοις
248 3580 317 3668 ἅμα
340 3582 384 3668 τῷ
406 3579 532 3646 ἄνωθεν
556 3581 735 3670 δηλιυδέντι
758 3579 914 3667 βασιλικῷ
942 3581 1125 3666 βιστιαρίτη
1154 3579 1198 3667 τῷ
1218 3578 1290 3646 Πα-

10 3671 11 3744 ύ
46 3711 192 3792 κυορίανιρ,
215 3710 270 3771 καί
295 3707 348 3771 διὰ
371 3710 537 3792 χρησίμων
554 3702 674 3790 ἀνδρῶν
699 3707 855 3790 μάθωμεν
877 3707 917 3770 τὰ
940 3699 1011 3790 ὅρια
1033 3713 1093 3768 τῶν
1117 3703 1290 3790 σίρηρίνων

10 3839 11 3920 3
47 3833 135 3896 τοτίων
157 3842 218 3896 τῶν
243 3828 275 3894 ἐν
299 3840 364 3903 τυίς
386 3829 540 3902 τοιούτοις
562 3829 831 3914 πιριιιλημμίνων
851 3829 1057 3914 δικαιώμασι,
1081 3831 1138 3892 καί
1162 3823 1289 3891 ἀποκα-

47 3957 228 4041 ιαοιησωμεν
251 3955 337 4018 κατὰ
360 3955 413 4017 τόν
437 3961 493 4039 της
517 3949 676 4039 δληθιίας
699 3952 795 4031 λόγον
824 3943 1057 4038 ἆνενοχλητυος
1084 3950 1157 4024 τούς
1187 3967 1288 4035 μονα-

48 4076 106 4158 γυύς
125 4081 209 4143 κατὰ
224 4077 281 4164 τὴν
303 4077 468 4163 πιρίληφιν
485 4083 540 4140 τού
563 4079 820 4161 προστάγματος,
846 4073 932 4140 ἀλλὰ
954 4079 1010 4140 καί
1030 4073 1161 4158 δευτίρα
1182 4073 1288 4160 γραφη

48 4207 86 4262 του
105 4197 196 4268 αύτοδ
219 4201 412 4287 δομεστίκυο
435 4209 496 4264 τῶν
524 4193 721 4264 ἀνατολικῶν
748 4201 900 4284 δοράτων
929 4195 1094 4283 ἀπεστάλη
1121 4192 1195 4282 μιθ’
1220 4191 1288 4260 ίτί·

48 4341 92 4402 μιν
112 4325 165 4390 δύο
200 4333 350 4412 μοναχῶν
377 4327 433 4388 καί
461 4331 516 4388 τού
551 4319 737 4396 ἀντίδυοκυς
771 4332 832 4386 τῶν
865 4323 1070 4386 δεσποινιιιων
1104 4321 1285 4405 κτημάτων,

48 4441 159 4523 λίυνιος
178 4447 233 4514 τοῦ
257 4447 432 4524 Καλυειδό,
460 4449 539 4532 πρός
563 4445 637 4519 τούς
659 4442 718 4512 ύπό
741 4449 912 4531 παροινίαν
941 4441 1034 4515 ύντας
1056 4441 1286 4529 Μουρροοντη-

48 4570 101 4643 νυύς
121 4573 159 4658 τῷ
178 4571 384 4660 περιποθήτω
408 4571 542 4657 γαμβρῷ
558 4579 620 4636 ’τού
642 4574 796 4655 κραταιυύ
818 4572 875 4634 καί
899 4565 991 4648 ἁγίου
1013 4563 1103 4655 ἡμῶν
1127 4560 1286 4631 αύθίντυυ

49 4697 89 4756 ῑνί
108 4697 266 4780 βασιλίως,
292 4695 422 4782 μεγάλω
446 4695 635 4782 δομιστίκιρ,
657 4696 938 4779 τανευγενεοτάτιρ
961 4690 1121 4780 Κυμνηνιρ
1143 4691 1188 4778 τῷ
1207 4689 1286 4772 Ἀγ-
