3140 5284
1278 225 1342 294 143

38 413 110 506 ήμῖν
144 421 215 482 καί
243 419 377 508 γραφήν
406 427 504 504 κυροῦ
532 413 694 507 Στεφάνου
725 427 780 484 τοῦ
809 417 1001 506 Καλοπυροῦ
1025 418 1101 484 τάδε
1135 421 1221 484 κατά
1256 415 1344 506 ῥήμα

37 539 298 630 ῦιοριζομένην·
321 538 458 630 ἡμέτερε
482 539 629 628 ἄνθρωπε
649 541 799 608 Βασίλειε
822 543 1061 630 παλατοφῦλαξ,
1084 545 1141 608 καί
1158 543 1206 620 σά,
1233 541 1343 608 Μονό·

37 687 133 751 μαχε,
169 669 243 732 καί
275 663 310 730 οἱ
344 665 449 730 λοιποί
483 662 628 740 ἅπαντες·
659 667 824 750 βασιλικός
848 663 977 751 όρισμῦς
1012 667 1229 753 κατεπέμφθη
1262 667 1340 752 πρὸς

36 787 137 876 ήμᾱς,
172 786 243 854 ἵνα
270 787 471 875 ἐπιδώσομεν
495 799 552 876 γήν
579 793 751 876 ζευγαρίων
779 790 846 868 ῦῦο,
875 793 931 854 καί
953 787 1024 854 ἰδοῦ
1048 793 1158 878 γράφον
1183 789 1268 876 ὑμῖν,
1289 787 1345 856 ἵνα

38 915 189 1000 έπάρητε
229 915 290 977 τόν
320 901 580 980 Παπαθόποολον
611 909 673 976 ἀπό
702 921 756 977 τοῦ
785 913 974 978 Κουκοῦλου
1007 917 1064 978 καί
1092 916 1146 979 τόν
1176 915 1345 980 σῦντεκνόν

37 1059 111 1124 μου,
138 1042 209 1100 τόν
245 1047 315 1121 κῦρ
339 1035 583 1105 Κοινοταντῖνον,
608 1040 664 1102 καί
687 1038 740 1100 τόν
765 1041 906 1121 νομικόν,
936 1041 991 1101 καί
1014 1040 1173 1123 χιιρίση.ε
1198 1037 1260 1100 ακῦ
1288 1044 1345 1124 τής

37 1171 92 1248 γής
132 1169 205 1248 τῆς
251 1161 443 1247 βασιλικῆς,
477 1158 514 1246 ήν
550 1158 659 1224 οἴδατε
694 1155 789 1247 ὑμεῖς,
826 1164 883 1226 καί
913 1161 1084 1226 έπιθῦσετε
1113 1161 1191 1246 πρὸς
1218 1161 1254 1226 τό
1289 1159 1346 1246 μέ-

39 1308 91 1371 ρος
114 1294 184 1372 τῆς
220 1291 334 1371 μονής
361 1292 421 1348 τῶν
447 1283 585 1369 Λέμβσιν
614 1285 696 1370 μετὰ
722 1287 868 1370 περιόρου
896 1287 952 1348 καί
981 1283 1170 1374 ἀσφαλείας,
1194 1288 1251 1348 καί
1275 1281 1349 1360 ἐξά-

39 1429 160 1482 ιαντος
188 1409 372 1493 ποιήσατε
390 1413 493 1484 τοῦτο,
517 1404 656 1493 έπάρατε
680 1407 716 1471 δέ
736 1411 793 1472 καί
815 1409 866 1474 τόν
883 1406 1098 1495 Μαυρόραχον
1114 1404 1157 1480 ῦς
1182 1405 1346 1494 είδήμονα.

39 1535 307 1620 φολαχθείητε.
336 1527 404 1616 εἶχε
425 1531 460 1594 δέ
483 1526 750 1619 καὶθπογραφήν.
779 1537 798 1612 †
825 1528 861 1597 ‘0
895 1531 1065 1604 δοῦλος
1100 1541 1176 1595 τοῦ
1212 1531 1342 1614 βασι-

40 1659 158 1730 λέως
188 1655 450 1740 Στέφανος
478 1649 494 1716 ό
522 1652 801 1740 Καλοπορός
829 1655 860 1740 †.

125 1780 269 1848 Τοίνυν
298 1779 456 1842 καὶκατὰ
479 1777 533 1864 τήν
549 1777 714 1864 περίληψιν
738 1787 793 1842 τοῦ
809 1801 842 1844 τε
865 1781 958 1844 θείου
974 1781 1031 1843 καί
1054 1778 1223 1862 βασιλικοῦ
1242 1797 1346 1862 πρου-
1472 1832 1476 1843 ,

39 1913 189 1992 κινητοῦ
228 1900 376 1990 ὁρισμοῦ
409 1904 466 1966 καί
494 1903 548 1988 τήν
577 1899 696 1988 εἴῦησιν
725 1912 780 1990 τής
809 1879 934 1990 γραφῆς
971 1909 1067 1987 πυροῦ
1095 1899 1256 1983 Στεφάνου
1293 1907 1349 1964 τοῦ

42 2029 263 2115 Καλοπυροῦ
299 2023 488 2112 ἀπήλθομεν
521 2019 538 2088 ὅ
566 2048 599 2090 τε
630 2023 800 2100 Βασίλειος
828 2023 845 2091 ό
872 2023 1100 2114 παλατοφῦλαζ
1135 2027 1191 2088 καί
1220 2021 1250 2088 οἱ
1279 2022 1346 2110 μετ’

43 2152 138 2218 αυτόν
172 2150 385 2240 ὁρισθέντες
411 2152 467 2212 καί
501 2157 555 2212 τοῦ
583 2151 833 2236 καθηγουμένου
861 2159 918 2236 τής
946 2149 1124 2236 σεβασμίας
1162 2157 1261 2234 μονής
1290 2157 1352 2211 τῶν

43 2276 195 2363 ἀέμβων
225 2273 279 2346 εὶς
299 2273 356 2358 τήν
380 2280 450 2358 γήν,
472 2269 510 2359 ήν
528 2271 665 2358 ἔμελλον
687 2277 945 2360 περιορίσασθαι,
969 2277 1025 2338 καί
1040 2277 1270 2360 περιωρίσαμεν
1294 2266 1350 2334 οῦ-

43 2423 111 2476 τσς·
138 2399 346 2488 ἠρξάμεθα
369 2393 431 2461 ἀπὸ
457 2406 511 2462 τοῦ
533 2397 761 2482 καταλῦματος
786 2407 840 2462 τοῦ
870 2396 1059 2483 Ἀριστηνοῦ
1086 2394 1185 2484 ήγουν
1210 2393 1272 2460 ἀπό
1297 2403 1352 2458 τοῦ

1 2599 2 2604 1
42 2528 312 2610 πλησιάζοντος
342 2513 419 2584 αὐτό
447 2521 572 2584 λάκκου
607 2525 830 2608 συνενυμένον,
866 2530 1060 2608 κρατοῦντος
1094 2519 1149 2608 τήν
1186 2517 1260 2586 ὁδόν
1295 2520 1352 2606 τήν

50 2647 268 2729 ἀπάγουσαν
299 2645 332 2708 ὲν
354 2641 397 2728 τῖρ
423 2641 667 2730 Σαρρακηνικῲ,
692 2641 807 2718 έῦντος
833 2643 922 2720 δεξιά
945 2647 985 2709 τὰ
1008 2647 1159 2732 χιοράφια
1182 2652 1238 2729 τής
1260 2639 1352 2728 Κρα-

50 2782 161 2860 τερής,
194 2769 367 2856 ἀριστερὰ
390 2770 425 2831 τό
448 2771 713 2854 περιοριζόμενον,
737 2769 901 2843 κλίνοντος
925 2766 1033 2850 ἀλίγον
1052 2771 1129 2854 πρὸς
1152 2769 1275 2854 ῦυσμάς
1298 2763 1357 2832 καὶ

48 2902 316 2966 ααταντοῦντσς
340 2889 384 2964 εὶς
407 2893 442 2956 τό
459 2893 744 2979 παλαιοεοκτήριον
770 2901 825 2958 τοῦ
849 2889 942 2972 άγίοο
957 2891 1128 2979 Γευργίοο,
1152 2890 1196 2966 είς
1221 2891 1239 2956 ό
1260 2889 1355 2956 ἵστα-

49 3045 103 3087 ται
127 3017 201 3086 καὶ
231 3017 336 3088 λίθος
361 3023 495 3100 μαῦρος,
519 3023 715 3100 κρατοῦντος
743 3018 796 3081 τόν
826 3013 920 3082 σότῦν
949 3015 1029 3102 ἀέρα
1055 3017 1135 3102 πρός
1163 3012 1271 3095 όλίγυν
1299 3011 1357 3079 καὶ

52 3143 339 3232 ἀκοομβίζοντος
360 3137 406 3212 εὶς
430 3139 485 3225 τήν
503 3141 622 3226 στήλην
647 3141 702 3226 τήν
726 3143 902 3206 σταθεῖσαν
917 3147 991 3228 παρ’
1014 3137 1113 3228 ἡμῶν,
1137 3137 1235 3226 ἤγουν
1251 3135 1357 3225 ἀσπρη

1 3311 2 3354 γ
52 3277 176 3356 πέτρα,
209 3267 340 3337 έιῖιντος
363 3263 450 3337 δεξιά
472 3265 512 3326 τά
529 3267 680 3352 χυράρια
703 3273 758 3352 τῆς
782 3263 961 3351 Κρατερής,
986 3262 1137 3350 ἀριστερά
1160 3264 1196 3328 τῦ
1218 3283 1360 3350 περιορι-

54 3399 224 3480 ζόμενον,
257 3385 326 3452 εἶθ’
355 3381 455 3460 οῦτιος
479 3385 704 3461 ἀνακλίναντας
731 3391 810 3474 πρός
834 3387 950 3474 ἄρκτον
979 3391 1032 3454 τόν
1060 3382 1156 3454 αὐτόν
1185 3385 1275 3474 ἀέρα,
1299 3390 1356 3451 καί

54 3517 278 3604 ἀαοομβίζει
303 3509 347 3583 τίς
370 3512 425 3597 τήν
449 3507 558 3597 ἑτέραν
576 3511 692 3598 στήλην
717 3513 773 3600 τήν
790 3517 964 3579 σταθεῖσαν
987 3510 1059 3598 παρ’
1083 3508 1171 3600 ήμιῦν
1193 3513 1248 3599 τήν
1273 3513 1358 3599 μαθ-

1 3655 2 3662 ’
56 3665 132 3729 ρην,
161 3637 337 3724 ἀριστερά
352 3637 387 3700 τό
410 3639 675 3721 περιοριζόμενον,
699 3637 788 3712 δεξιὰ
810 3640 850 3701 τά
874 3638 986 3702 δίκαια
1008 3647 1064 3724 πής
1086 3635 1261 3724 Κρατιρής,
1285 3636 1358 3700 κλί-

58 3791 108 3832 νει
134 3767 181 3829 δὲ
211 3763 300 3847 πρῦς
327 3759 450 3846 δυσμάς
474 3757 520 3833 είς
543 3763 583 3824 τά
607 3764 756 3850 χωράφια
779 3769 834 3825 τοῦ
857 3761 1083 3849 Μαυροράχου,
1108 3759 1153 3834 είς
1178 3759 1359 3847 άέστήσα-

61 3911 126 3978 μεν
152 3891 229 3954 καί
254 3885 379 3970 μαῦρην
403 3884 523 3970 στήλην
546 3889 756 3970 τετράγωνον,
783 3883 934 3971 ἀριστερὰ
958 3889 993 3950 τῦ
1016 3888 1279 3972 περιοριζόμενον,
1303 3883 1359 3946 θε-

62 4018 120 4092 ξιᾰ
164 4013 216 4076 τὰ
254 4007 370 4072 δίκαια
404 4015 459 4072 τοῦ
493 4006 726 4095 Μαοροράχου,
766 4014 822 4073 καί
857 4003 955 4083 οῦτιυς
990 4009 1092 4074 κλίνει
1120 4011 1198 4094 πρός
1233 4005 1360 4093 ἄρκτον,

64 4143 288 4224 κρατοῦντος
321 4133 374 4196 τόν
411 4127 505 4196 αάτῦν
534 4131 614 4217 ἀέρα
641 4137 698 4197 καί
725 4132 975 4219 ἀκουμβίζυντος
1004 4136 1100 4220 μέσον
1129 4142 1184 4198 τοῦ
1216 4132 1360 4195 τοιοῦτου

66 4263 188 4350 ἀέρος,
218 4256 267 4332 είς
293 4255 314 4321 ά
338 4255 466 4341 έστάθη
488 4254 560 4343 παρ’
576 4253 665 4344 ήμῶν
688 4260 744 4322 καί
768 4259 869 4344 στήλη
890 4255 1007 4344 άσπρη,
1032 4259 1283 4342 συνεπαγόμενον
1308 4255 1361 4319 τόν

1 4385 2 4400 ’
67 4395 232 4453 τοιοῦτον
261 4377 360 4468 ἀέρα,
387 4377 634 4466 ἀκουμβίζοντος
658 4380 702 4455 είς
726 4385 764 4446 τά
787 4385 936 4469 χωράφια
964 4390 1019 4446 τοῦ
1040 4383 1207 4464 βασιλικοῦ
1233 4381 1361 4462 βεστια-

70 4519 180 4599 ρίτοο,
207 4515 311 4592 κυροῦ
333 4499 497 4569 ἸσαακίουΙ
516 4512 571 4570 τοῦ
594 4505 750 4592 Λεβοῦνη,
775 4505 819 4579 είς
843 4505 865 4572 ά
888 4506 1067 4592 έστήσαμεν
1084 4504 1206 4590 στήλην
1228 4506 1360 4589 μαῦρην,

75 4638 203 4708 ἐῶντος
238 4631 399 4720 ἀριστερά
431 4631 469 4692 τά
502 4632 752 4716 περιοριζόμενα,
788 4631 876 4704 δεξιά
906 4633 944 4692 τὰ
979 4630 1089 4696 δίκαια
1122 4638 1175 4693 τοῦ
1204 4625 1361 4714 Λεβοῦνη,
1399 4725 1405 4744 ⁸
