3140 5306
269 265 332 328 280

266 459 362 540 γίλιρ,
388 451 473 530 ὅπως
496 460 553 521 καί
576 453 666 522 αὐτοὶ
690 454 912 544 ἐτιδημήσωσι
933 457 1013 541 πράτ
1036 452 1133 544 ἡμᾶς,
1157 457 1214 522 καί
1236 453 1324 540 εἴπερ
1348 453 1467 542 ἐχοοσι
1495 454 1545 518 δι-

266 581 398 665 καίωρά
420 599 460 657 τι,
485 576 698 668 ἐμφανίσασιν
723 575 811 657 αάτὸ,
835 581 868 644 οἳ
888 583 947 646 καί
970 577 1154 667 ἐντοχόντες
1177 577 1221 665 τῖρ
1240 578 1488 664 διενεργοιῖν[τι]
1506 580 1542 642 τό

266 711 407 770 τοιοῦτον
431 713 539 791 κτῆμα
563 702 607 789 τερ
628 701 751 790 Μακρῷ
776 700 846 790 ἅμα
873 713 1019 792 γηραιοῖς
1042 713 1184 778 τοπικοῖς
1211 689 1372 788 ἀνδράσιν,
1396 697 1460 786 ἀψὲ
1486 703 1542 786 μὲν

266 829 436 894 σονέθεντο
468 827 712 916 ἐπιφωσκοόσης
742 825 849 894 ἐλθεῖν
877 836 935 915 της
962 821 1099 914 ἡμέρας,
1128 823 1337 913 ἐννοήσαντες
1363 825 1400 890 δέ
1425 828 1485 890 καί
1507 827 1542 888 τό

265 962 332 1025 πῶς
355 947 372 1016 δ
395 951 504 1040 φαῦλα
526 955 676 1038 πράσσων
701 953 841 1038 μισεῖτε)
865 961 941 1039 φῶς,
966 947 1052 1016 ἀλλὰ
1074 952 1132 1016 καί
1154 946 1172 1016 ὁ
1202 947 1322 1016 ἀδικῶν
1346 946 1382 1015 οὐ
1406 950 1542 1014 δύναται

265 1076 489 1162 τροστελάσαι
516 1086 556 1162 τη
580 1073 731 1162 ἀληθείη,
769 1072 983 1162 ἐλεγχόμενος
1013 1069 1072 1140 ἀπό
1099 1081 1161 1139 τίεν
1190 1071 1316 1140 οἰκείων
1345 1070 1460 1160 ἐργων.
1493 1072 1541 1136 διὸ

265 1185 324 1266 καί
358 1200 399 1264 δι’
441 1197 544 1286 άλλης
583 1194 659 1263 ὁδοῦ
694 1195 903 1288 ἀνεχώρησαν
935 1197 1076 1284 οἰόμενοι
1110 1193 1153 1272 ιθς
1187 1197 1318 1264 δονάνοιι
1351 1199 1410 1262 καί
1447 1192 1542 1269 αὖθις

266 1325 486 1409 δικαιωθῆναι
509 1333 548 1410 τη
572 1326 762 1410 χρησαρένη
779 1321 960 1409 ρογοδικίη
983 1318 1001 1387 δ
1024 1323 1061 1386 δά
1084 1341 1121 1402 γε
1136 1323 1427 1401 τανιογενέστατοτ
1451 1319 1541 1406 Κορ-

267 1449 369 1535 νηνόςι
385 1443 403 1512 δ
422 1445 561 1532 Βρανᾱς,
583 1445 962 1533 μετάκλητοςγεγονάς,
987 1444 1049 1522 εἴθε
1073 1456 1137 1520 τοῖς
1161 1445 1340 1529 βασιλικοῖς
1362 1448 1422 1510 καί
1438 1445 1540 1516 θείοις

267 1573 500 1657 προστάγμασι,
528 1573 585 1634 καί
614 1567 683 1656 ἅμα
709 1579 773 1643 τοῖς
800 1575 872 1634 κατ’
893 1565 996 1656 ὄνομα
1018 1570 1209 1656 δηλωθεῖσιν
1234 1567 1380 1655 ἀνωτίρω
1406 1565 1539 1652 ἀνδράσι

269 1697 309 1760 τά
337 1690 411 1780 ὅρια
437 1693 616 1781 διήλθομεν
641 1690 702 1758 ἀνὰ
725 1703 836 1782 χεῖρας
859 1701 1051 1780 κρατοῦντες
1074 1703 1134 1758 τῶν
1163 1696 1342 1784 προσόντων
1366 1701 1407 1780 τι]
1444 1691 1539 1774 σεβα-

272 1821 351 1904 σμίερ
378 1827 460 1904 μονῇ
488 1817 632 1882 παλαιῶν
654 1817 891 1904 δικαιωμάτων·
925 1819 1058 1890 στάντες
1081 1813 1135 1882 οὖν
1163 1814 1196 1880 ἐν
1224 1827 1264 1904 τῇ
1291 1817 1475 1900 τοποθεσία
1501 1825 1537 1899 τῇ

268 1943 428 2028 λεγομίνη
451 1943 491 2006 τά
516 1950 571 2027 τῆς
593 1938 818 2026 Μανικαραίας
841 1941 991 2025 καλύβια,
1016 1935 1145 2028 εὕρομεν
1168 1940 1263 2008 λίθον
1286 1949 1410 2026 μαόρον
1433 1950 1474 2026 τῇ
1498 1949 1537 2024 γη

267 2069 514 2153 προσερριμίνον
539 2062 831 2150 ἐγκεκολαμμόνοις
854 2066 1038 2151 γράμμασιν
1062 2063 1192 2152 ἐχοντα·
1216 2060 1290 2150 ὅρος
1312 2061 1445 2150 Μήλιον.
1474 2061 1536 2126 εἶτα

271 2185 310 2256 ἐκ
337 2197 397 2254 τῶν
425 2185 657 2272 Μοορμοάντων
686 2184 703 2252 ἐ
731 2185 862 2262 Ζωωτός
886 2182 953 2274 μετ’
978 2185 1109 2275 ἐντολῆς
1131 2185 1256 2254 ἀνωθεν
1284 2185 1334 2254 ἐπὶ
1355 2186 1440 2254 πολὺ
1468 2181 1536 2250 ἀτί·

270 2311 372 2388 δειίεν
398 2307 472 2398 ἡμῖν
499 2313 539 2376 τά
567 2307 601 2378 ἐν
628 2309 671 2397 τῷ
702 2314 838 2398 περιόρῳ
866 2311 1049 2399 δηλούμενα
1075 2315 1251 2399 χωμάοσια
1278 2319 1334 2378 τοῦ
1359 2312 1535 2397 τροστάτοο

269 2433 329 2502 καὶ
350 2441 406 2500 τοῦ
425 2433 608 2521 Βλαετεροό
632 2431 761 2500 ἐνώτιον
784 2437 919 2513 πάντων,
943 2435 1028 2502 ἐνθοι
1052 2431 1170 2523 εθρίθη
1199 2437 1255 2502 καί
1277 2432 1295 2502 ό
1319 2435 1482 2523 δηλωθείς
1505 2434 1535 2530 ἐν

269 2557 315 2646 τῷ
345 2560 450 2645 χάρτη
481 2559 576 2632 λίθος
604 2567 735 2645 μαόρος,
764 2554 823 2624 οόκ
858 2556 908 2624 ἐπί
935 2559 1016 2624 τολά
1051 2557 1176 2646 ἐτὲχων
1196 2561 1275 2647 πρὸς
1290 2539 1382 2647 Δθβος
1418 2571 1457 2646 τη
1486 2569 1533 2644 γη,

267 2681 402 2760 πλατός,
425 2683 632 2767 τετράγωνος,
657 2679 707 2746 ἐτί
731 2685 828 2770 μήκει
851 2681 935 2769 ἐχειν
960 2682 994 2748 ἐν
1022 2686 1078 2768 μάν
1106 2681 1149 2768 τηῑ
1180 2687 1267 2770 μίση
1295 2685 1388 2750 τοτάν
1418 2681 1533 2770 βραχάν

268 2814 325 2872 τοῦ
352 2809 456 2890 τιμίοο
485 2813 622 2892 σταοροό
649 2808 706 2871 καί
733 2805 768 2870 ἐν
799 2816 868 2879 ταῖς
895 2809 977 2892 τρισί
1005 2805 1133 2887 γωνίαις
1161 2809 1197 2872 τό
1225 2807 1340 2894 γάμμα
1369 2818 1532 2894 στοιχεῖον,

269 2929 304 2995 ἐν
326 2931 364 2994 δέ
387 2939 426 3018 τῇ
449 2930 527 3015 πρὸς
554 2929 642 2994 δάσιν
669 2926 763 3014 ἐτίμα
786 2933 900 3014 γωνία,
924 2927 956 2996 ἐν
980 2928 1004 3018 η
1027 2928 1218 2998 ἐντετύπωτο
1246 2933 1286 2998 τά
1309 2929 1371 2996 ἀπό
1398 2929 1531 2997 παλαιοῦ

269 3050 539 3139 ἐγκεκολαμμένα
567 3056 743 3139 γράμματα
770 3053 866 3118 κοῖλα
893 3049 933 3118 δι’
961 3049 1155 3140 ἐγχειριδίου
1183 3051 1298 3141 ἀνδρὸς
1326 3051 1460 3142 εὕρομεν
1481 3074 1532 3118 σε-

269 3179 436 3263 σημμένην
457 3177 535 3264 πρός
560 3173 727 3262 ἀπάλειβιν
752 3185 811 3241 τιῖν
836 3173 869 3242 ἐν
892 3172 977 3261 αὐτῷ
999 3181 1203 3265 γραμμάτων.
1229 3175 1325 3254 αὖθις
1349 3175 1403 3246 οὖν
1428 3178 1532 3242 διαπε-

271 3303 427 3386 ράσαντες
461 3301 515 3366 τάν
544 3297 647 3366 ἐκεῖσε
683 3303 857 3390 χείμαρρον
886 3297 1072 3388 ἀνήλθομεν
1108 3299 1153 3376 εἰς
1181 3303 1217 3368 εδ
1246 3309 1304 3394 τοο
1327 3299 1531 3389 Μαίοχόρτοο

270 3419 354 3509 ὅρος.
383 3420 451 3488 εἶτα
480 3423 535 3510 τὴν
563 3416 658 3509 ῥάχιν
693 3425 804 3518 τοάτοο
838 3421 888 3488 ἐαί
914 3424 995 3490 τολθ
1023 3425 1078 3509 τὴν
1113 3427 1297 3512 διαιροῦσαν
1333 3427 1428 3494 ἐνθεν
1460 3426 1530 3510 πρὸς

271 3543 389 3631 ἄρκτον
412 3549 469 3610 καί
493 3544 587 3612 ἐνθεν
610 3548 688 3631 πρὸς
710 3549 801 3612 νότον
825 3548 865 3612 τά
885 3543 998 3614 ἀδατα.
1024 3546 1087 3616 εἶθ’
1116 3544 1215 3623 οὕτως
1237 3550 1459 3637 κατελάβομεν
1481 3555 1530 3632 τῆς

275 3677 332 3736 τοῖ
358 3667 585 3756 Ξολοκάσεροο
612 3678 752 3759 κορυφῆς
779 3669 836 3736 καὶ
862 3672 1071 3760 κατήλθομεν
1099 3671 1145 3746 είς
1179 3674 1234 3761 την
1262 3674 1423 3762 λεωφόρον
1453 3671 1528 3748 ὁδόν,

275 3794 402 3860 δοτικάν
431 3796 526 3879 ριέρος
552 3791 609 3879 την
636 3791 812 3881 λεγομίνην
839 3804 976 3882 ταχεῖαν
1005 3797 1135 3882 ψάμμον
1168 3797 1304 3883 πλησίον
1331 3806 1387 3885 ιης
1415 3797 1530 3864 θαλάσ-

277 3939 346 4006 σης,
370 3913 405 3983 ἐν
427 3915 452 4005 η
474 3912 595 4004 εόρίθη
618 3915 713 3990 λίθος
736 3921 837 4015 μόγας
860 3915 905 3994 είς
928 3915 999 4006 όβιν
1022 3927 1079 4006 της
1101 3929 1161 4006 γῆς
1175 3924 1323 4006 κείμενος
1346 3921 1527 4006 θωκοειδής.

275 4039 309 4106 ἐν
330 4041 431 4125 τοάτερ
455 4036 509 4106 οὖν
531 4041 609 4126 πρός
626 4037 784 4128 ἀνατολὴν
808 4039 869 4108 εἰσὶ
893 4045 1067 4129 γράμματα
1082 4039 1349 4132 ἐγκεκολαμμένα
1371 4047 1527 4134 δηλοῦντα·

274 4163 415 4251 Λίμβοο.
444 4161 477 4229 ἐν
504 4160 530 4252 ᾧ
556 4163 593 4230 δέ
616 4166 701 4250 τόπῳ
724 4163 819 4230 λίθοο
842 4162 976 4232 ὄπισθεν
1004 4164 1213 4253 ἐγγίγραπτο·
1236 4164 1319 4254 ὅρος.
1349 4167 1527 4240 ἀλλοιωθεὶτ

273 4287 329 4354 διὰ
356 4287 487 4374 σιδηροο
522 4283 701 4376 ἀπαλείψας
729 4286 787 4354 καὶ
819 4292 860 4354 τὰ
887 4291 1075 4376 γράμματα,
1111 4289 1147 4356 δν
1180 4291 1220 4378 δή
1248 4291 1343 4358 λίθον
1371 4297 1450 4381 μετὰ
1474 4301 1525 4357 τῶν

274 4409 379 4476 ἀλλων
402 4412 540 4478 τεθίατο
563 4407 678 4500 αὐτοψί
696 4415 755 4478 καί
777 4407 795 4479 ὁ
817 4411 985 4501 Κορνηνός
1008 4411 1026 4480 θ
1048 4413 1175 4502 Βρανάς
1198 4417 1274 4503 μεθ’
1296 4413 1396 4505 ἡμῶν.
1419 4421 1472 4484 καί
1491 4417 1525 4480 τά
1558 4425 1559 4430 ’

276 4538 332 4620 μὲν
359 4541 415 4600 τοῦ
438 4536 587 4622 τεριόροο
610 4545 665 4604 τοίῖ
689 4545 748 4602 τῶν
771 4534 890 4624 Μήλιον
914 4543 1032 4625 χωρίοο
1053 4536 1214 4628 ἀριδηλως
1236 4537 1309 4629 ἡμῖν
1332 4539 1523 4632 ἐσαρηνισαν,

277 4656 481 4732 αλδτσθέντες
517 4657 665 4737 ἅπαντες,
701 4657 744 4733 ὡς
771 4667 962 4746 χριστιανοί,
999 4665 1051 4728 τόν
1086 4661 1295 4752 ἐξενεχθίντα
1329 4665 1523 4752 πνευματικόν
