3190 5284
597 454 967 544 Σίγνονίίίωναιαντίνου

575 589 630 645 τοῦ
654 571 929 674 γυνίαικαδέλφου
953 577 1050 645 αὐτοῦ
1073 583 1101 659 †.

321 708 342 784 †
365 703 416 770 Ἐν
441 701 573 789 όνόματι
597 713 651 770 τοῦ
674 706 794 789 πατρὸς
810 707 867 768 καί
890 713 944 768 τοῦ
969 701 1037 766 υἱοῦ
1053 707 1112 768 καί
1134 709 1188 766 τοῦ
1214 697 1306 779 άγίου
1330 701 1515 786 πνεύματος

233 832 291 894 καί
319 837 374 914 τῆς
401 831 517 911 κυρίως
548 830 604 892 καί
633 825 767 912 άληθῶς
804 823 1010 911 όπερενδόξου
1038 823 1207 910 δεσποίνης
1235 821 1325 910 ἡμῶν
1349 824 1517 886 θεοπόκοο

234 949 290 1016 καί
320 949 533 1035 ἀειπαρθένου
561 949 697 1035 Μαρίας.
728 947 791 1027 ἐγὼ
825 948 960 1035 Μιχαὴλ
988 947 1090 1034 ίερεύς
1117 947 1134 1013 ὁ
1161 946 1364 1032 Τίυκαπίτης
1399 943 1417 1010 ό
1452 947 1517 1008 καὶ

234 1074 380 1160 γαμβρός
414 1083 470 1137 τοῦ
499 1073 598 1157 Θωμά
632 1076 690 1136 καί
724 1072 884 1142 Θεοτόκος
919 1068 936 1135 δ
963 1069 1126 1143 Κοοκινάς
1160 1073 1218 1134 καί
1253 1065 1284 1132 οἱ
1318 1069 1517 1155 ουνάδελφοι

235 1193 339 1285 ἡμῶν,
371 1194 388 1262 ό
413 1200 469 1280 μὲν
498 1195 717 1280 οίκειοχείρως
750 1196 908 1278 προτάξας
933 1192 1058 1258 ίίνωθεν
1086 1201 1141 1256 του
1165 1197 1321 1278 παρόντος
1344 1187 1458 1278 ὕφους,
1484 1187 1519 1252 οἱ

235 1321 271 1384 δέ
296 1322 609 1405 οιγνογραφήοκντες
631 1319 686 1404 τὴν
710 1326 874 1402 παροῦσαν
904 1318 1064 1404 ἔγγραφον
1092 1321 1149 1380 καί
1174 1317 1390 1402 ένυπόγραφον
1415 1311 1519 1378 ἀπεν-

236 1445 349 1506 τεῦθεν
377 1445 491 1524 πράαιν
521 1443 753 1504 τῶνκάτωθεν
781 1441 1060 1526 δηλωθηοομὲνων
1097 1437 1233 1504 ὲλαϊκάιν
1260 1438 1412 1524 δένδρον,
1447 1458 1517 1500 κα-

237 1567 306 1637 θιδς
335 1565 573 1650 δηλωθήσεται,
602 1574 709 1628 πᾶσαν
732 1565 788 1648 την
812 1561 850 1627 ἐκ
873 1573 933 1626 τῶν
956 1565 1159 1645 πανευοεβῶν
1194 1565 1299 1646 νόμων
1331 1559 1425 1645 ίοχύν
1454 1563 1519 1624 καὶ

237 1689 370 1772 δύναμιν
407 1685 547 1771 ἔχουσαν
571 1689 627 1750 καί
663 1686 819 1772 μηδαμῶς
849 1681 911 1750 ἀπό
936 1694 991 1750 τοῦ
1016 1693 1068 1750 νῦν
1101 1689 1177 1750 ποτὲ
1212 1685 1315 1770 καιρῷ
1347 1681 1368 1770 ἢ
1402 1685 1518 1770 χρόνῳ

238 1811 458 1897 ἀνατραπῆναι
485 1807 505 1896 ἢ
534 1806 677 1876 ὁπωσοῦν
705 1809 995 1894 παραοαλευθῆναι
1023 1805 1223 1897 ίφείλουοαν,
1253 1803 1290 1872 οί
1321 1804 1393 1893 παρ’
1421 1803 1520 1894 ἡμῶν

238 1930 339 1998 αὐτῶν
361 1944 420 1998 τῶν
441 1935 658 2017 πεπρακότων,
684 1929 720 1996 οὐ
736 1938 809 2017 παρ’
835 1930 942 2019 ἑτέρου
965 1935 1048 2006 τινος
1063 1931 1146 1996 ίδίου
1169 1929 1190 2020 ἢ
1214 1932 1303 2006 ξένου
1319 1933 1399 1996 καθ’
1425 1928 1518 1994 οἱον-

241 2059 354 2143 δίγτινα
390 2059 503 2142 τρόπον
534 2054 695 2142 ἔγγραφον
723 2052 743 2140 ἢ
773 2054 916 2143 ἄγραφον
944 2053 964 2141 ἢ
994 2056 1127 2141 νομικὴν
1154 2051 1249 2140 ίοχίιν
1276 2058 1336 2120 καί
1357 2055 1521 2139 βοήθειαν

239 2181 402 2265 τιθέμεθα
429 2182 485 2242 καί
508 2185 659 2262 ποιοῦμεν
684 2175 853 2254 ἑκουσίως,
879 2173 1074 2260 αὐτοθελιῐις,
1100 2177 1270 2262 ἀβιάοτως,
1306 2175 1520 2260 ἀπανοόργως

239 2301 297 2368 καὶ
325 2301 585 2386 άμεταμελήτως,
621 2295 680 2364 οὐκ
712 2301 750 2364 ἔκ
784 2323 866 2373 τινος
894 2302 929 2364 δὲ
967 2303 1111 2387 ἀνάγκης
1146 2299 1167 2388 ἣ
1203 2302 1275 2384 βίας
1308 2297 1329 2386 ἢ
1364 2301 1466 2387 φόβου
1495 2297 1520 2385 ἢ

240 2427 338 2490 δόλου
381 2422 401 2510 ἢ
444 2431 640 2510 περιγραφῆς
678 2421 698 2510 ἢ
744 2433 948 2508 ουναρπαγῆς
985 2422 1005 2510 ἢ
1047 2423 1189 2497 ίδιωτίας
1226 2421 1247 2511 ἢ
1287 2421 1456 2508 ἀγροικίας
1496 2419 1521 2508 ἢ

240 2552 363 2636 φάκιου
389 2545 520 2626 ἀγνοίας
544 2545 563 2633 ἦ
589 2544 691 2632 ἄλλης
716 2547 799 2618 τινος
823 2544 975 2632 ἐπιψόγου
999 2556 1054 2633 της
1083 2557 1142 2610 τῶν
1166 2549 1271 2632 νόμων
1297 2543 1522 2630 ἀποτρεπομέ-

241 2693 296 2758 νης
321 2669 439 2745 αίτίας,
469 2668 553 2734 ἀλλὰ
577 2669 633 2734 σὺν
657 2671 821 2754 προθυμίη
844 2671 932 2755 πάοη
962 2673 1018 2734 καί
1043 2667 1194 2756 όλοψιίχιρ
1218 2666 1307 2757 ἡμῶν
1332 2680 1370 2755 τῇ
1393 2669 1520 2754 προθέ-

244 2817 305 2872 σει,
331 2793 429 2858 ἔτιδὲ
455 2795 535 2878 μετὰ
552 2797 826 2878 μεμεριμνημένου
852 2801 983 2874 οκοποῡ,
1005 2798 1136 2878 χρονίας
1160 2801 1215 2878 της
1239 2793 1439 2878 διασκέψεως
1462 2795 1523 2856 καί

244 2895 452 2990 οοναινέοεωί
475 2918 591 2989 παντός
615 2925 669 2980 τοῦ
694 2920 807 3001 μέρους
841 2913 928 3002 ἡμῶν
957 2919 1034 3002 πρὸς
1070 2920 1116 2994 οὲ,
1146 2919 1198 2982 τόν
1230 2919 1521 2996 πανεογενέοτατον

242 3041 410 3126 Κομνηνόν
439 3049 498 3126 κῦρ
522 3039 685 3123 Θεόδωρον
710 3039 762 3101 τόν
786 3037 925 3123 Βρανάν,
949 3043 1004 3104 καὶ
1027 3041 1103 3125 πρός
1138 3041 1174 3103 τό
1203 3035 1286 3104 ἅπαν
1322 3043 1417 3124 μέρος
1447 3059 1516 3118 σου,

243 3163 476 3250 κληρονόμους,
506 3163 679 3248 διαδόχους
702 3164 757 3224 καί
779 3166 947 3234 παντοίους
971 3163 1043 3235 τούς
1071 3164 1286 3249 διακατόχους
1311 3183 1368 3227 σου
1393 3159 1438 3235 είς
1463 3163 1519 3226 τόν

245 3286 345 3351 αίῶνα
374 3289 426 3350 τόν
457 3283 594 3361 ἅπαντα,
619 3286 732 3356 καθὼς
760 3285 999 3371 δηλωθήσεται.
1024 3291 1080 3349 καί
1106 3289 1167 3370 γὰρ
1196 3289 1236 3350 τὰ
1261 3285 1377 3350 ἐλαῖκὰ
1401 3285 1521 3368 δένδρα

244 3414 284 3474 τὰ
307 3413 362 3473 καὶ
385 3412 492 3493 πρώην
516 3405 589 3492 ἡμῖν
618 3409 819 3494 διαφέροντα,
844 3410 883 3471 τὰ
907 3404 984 3472 ὄντα
1007 3413 1062 3472 καί
1091 3409 1279 3494 διακείμενα
1304 3407 1336 3470 έν
1360 3419 1399 3494 τη
1423 3411 1522 3472 θέσει

246 3541 300 3597 τοῦ
330 3533 471 3616 μεγάλου
497 3534 677 3617 χωραφίου,
703 3527 781 3615 ἅπερ
805 3531 978 3615 διὲπραοαν
1007 3529 1037 3596 οί
1061 3543 1161 3610 γονεῖς
1184 3525 1274 3617 ἡμῶν
1297 3533 1376 3616 πρός
1400 3533 1435 3595 τό
1462 3535 1525 3616 μέ·

245 3679 299 3743 ρος
330 3664 383 3718 τοῦ
418 3653 625 3735 Βωλοβόντου
651 3651 782 3730 ἐκείνου,
812 3657 851 3717 τὰ
879 3661 931 3718 νυν
960 3655 995 3717 δὲ
1026 3651 1260 3741 ἐξωνησάμεθα
1295 3663 1395 3718 ταῦτα
1423 3655 1525 3718 πάλιν

245 3775 336 3866 ἡμεῖς
366 3799 447 3862 μετα
475 3779 530 3840 καὶ
559 3784 614 3861 της
640 3778 834 3861 οκιαζοάοης
864 3785 922 3862 γῆς
951 3781 1007 3841 καί
1040 3780 1164 3841 πάντων
1199 3787 1259 3842 τῶν
1293 3778 1526 3862 δικαιωμάτων

245 3899 344 3990 ἡμῶν,
368 3903 588 3984 πιπράσκομεν
614 3906 711 3962 ταῦτα
735 3901 812 3984 πρὸς
838 3901 884 3976 οὲ,
909 3901 961 3963 τόν
986 3899 1113 3966 ἄνωθεν
1135 3901 1325 3988 δηλωθέντα
1348 3897 1527 3985 Κομνηνόν

246 4028 297 4090 τόν
319 4023 456 4108 Βρανᾱν,
481 4020 523 4096 ὡς
540 4021 739 4108 πλητιαοτὴν
764 4017 849 4100 ὄντα,
873 4021 971 4109 ἤγουν
995 4024 1110 4109 δένδρα
1135 4023 1249 4090 ἐλαῐκὰ
1273 4028 1525 4111 τεσσαράκοντα

246 4151 302 4212 καὶ
330 4151 472 4231 τέσσαρα
500 4147 580 4230 μετὰ
608 4147 662 4207 καί
686 4153 741 4229 της
764 4149 976 4233 περιεχούσης
1001 4143 1103 4211 αὐτῶν
1133 4157 1191 4233 γῆς
1216 4153 1350 4214 καὶτοῦ
1375 4145 1526 4233 ἀρδευτι-

247 4279 307 4335 κοῦ
335 4266 438 4334 αὐτῶν
462 4265 578 4340 ὕδατος
601 4269 658 4330 καὶ
683 4271 763 4352 μετὰ
788 4271 911 4333 πάντων
935 4280 996 4333 τῶν
1019 4269 1151 4334 δικαίων
1179 4275 1236 4336 καί
1258 4269 1435 4360 προνομίαν
1463 4269 1528 4336 αό-

248 4403 307 4460 τῶν
336 4391 381 4466 εἰς
409 4397 590 4478 νομίσματα
618 4399 723 4475 χρυαᾱ
752 4395 994 4476 τεσσαράκοντα
1017 4397 1073 4456 καί
1101 4393 1157 4458 δύο
1182 4399 1238 4459 καί
1266 4399 1359 4482 χάριν
1382 4395 1528 4460 ποδοκό-

247 4539 307 4582 που
330 4511 503 4602 ὑπέρκορον
526 4513 571 4578 έν·
596 4512 657 4578 είοί
680 4513 715 4576 δὲ
740 4517 778 4578 τά
803 4523 934 4579 τοιαῦτα
963 4511 1122 4602 όπέρπυρα
1146 4514 1183 4582 ἐκ
1207 4527 1262 4604 τῆς
1289 4521 1422 4603 προικός
1448 4539 1526 4603 μου.

251 4634 283 4714 ἐξ
310 4634 411 4702 αὐτῶν
435 4640 469 4701 δὲ
500 4647 559 4700 τῶν
587 4637 722 4720 δένδρων
748 4636 805 4702 είοί
831 4643 869 4702 τὰ
893 4639 974 4704 δέκα
999 4637 1061 4704 ἀπὸ
1098 4649 1152 4704 τοῦ
1177 4646 1291 4726 μέρους
1327 4649 1382 4707 τοῦ
1407 4643 1525 4726 Θωμᾶ,
