3238 5282
1267 231 1332 296 409

79 419 134 484 κάν
158 418 232 487 ὅσον
258 419 320 508 ἄρα
343 427 399 486 καί
423 423 521 502 ἐστίν,
552 423 580 488 εί
602 428 659 488 καί
682 428 766 488 κατὰ
789 425 869 488 πολύ
894 427 928 488 τό
953 411 1118 488 διπλάσιον
1146 419 1334 508 ὑπερβαίνει,

79 545 160 630 ἀδή
190 554 244 610 τοῦ
273 551 405 632 χρυσίοο
439 551 621 632 νομίσματα
649 544 808 632 ὑπέρπορα
844 545 927 610 όκτῶ
955 545 1012 610 καὶ
1041 541 1102 610 ἀπό
1135 555 1194 609 τῶν
1222 556 1335 634 χειρῶν

79 677 127 732 τοῦ
155 668 325 756 ἀνθρώπου
349 665 433 755 όμῶν
458 681 513 735 τοῦ
536 671 713 736 Βασιλικοῶ
737 681 833 756 κυροῖ)
857 670 990 757 Μιχαήλ
1021 671 1186 756 δεξάμενοι
1210 669 1255 742 είς
1278 673 1335 743 τὰς

78 789 229 877 ἡμετέρας
264 808 374 880 χεῖρας
407 792 495 882 ήμῶν
531 794 664 880 ἀληθῶς
698 801 755 860 καί
788 799 865 883 δίχα
901 794 1095 883 ἀναρτησίας
1134 795 1335 882 οἱασδήτινος

78 914 200 980 ἐνώπιον
229 927 290 981 τῶν
318 921 466 982 κάτωθεν
502 924 830 1007 συγνογραφησάντων
866 922 1028 1006 μαρτόρων
1058 921 1334 1006 παραδεδώκαμεν

77 1044 145 1124 πρός
169 1036 252 1125 ὑμᾶς
275 1044 309 1104 τό
344 1043 590 1127 διηγορευμένον
625 1041 698 1108 ὅλον
739 1042 900 1128 ἀμπέλιυν,
937 1041 1011 1108 ὅσον
1046 1047 1102 1108 καί
1136 1042 1202 1108 οίον
1239 1041 1333 1120 ἐστίν,
1428 1069 1432 1076 ·

79 1162 266 1228 ἀτεντεόθεν
300 1169 356 1228 καί
385 1165 445 1230 ἀπὸ
475 1176 530 1251 τῆς
564 1170 717 1252 σήμερον,
747 1167 764 1230 δ
792 1169 831 1253 δή
862 1167 1015 1252 ἀμπέλιον
1048 1171 1105 1232 καί
1131 1169 1264 1242 καθέξει
1293 1168 1334 1230 δι’

20 1325 21 1392 ss
80 1283 157 1370 ὑμῶν
184 1284 205 1373 ή
234 1288 418 1374 δηλωθεῖσα
442 1296 607 1368 γυναικεία
632 1293 711 1376 μονή
736 1301 790 1356 τοῦ
818 1291 1008 1377 Προδρόμοο
1036 1289 1099 1357 ἀπό
1126 1301 1181 1356 τυῡ
1204 1299 1256 1356 νῦν
1279 1294 1335 1354 καί

20 1419 21 1490 γ
80 1413 119 1486 είς
146 1417 182 1478 τὸ
211 1413 281 1501 έξής
304 1420 360 1480 καί
385 1420 494 1500 μέχρις
522 1415 559 1480 ἀν
584 1420 619 1482 τό
647 1427 708 1482 πᾶν
731 1415 941 1502 περιΐσταται,
977 1421 1104 1503 κυρίως,
1141 1413 1336 1486 αόθεντικῶς

20 1567 21 1570 “
81 1543 130 1602 καί
149 1537 404 1615 ἀνεπικωλύτως,
433 1541 635 1615 καθολικῶς,
659 1551 806 1620 γενικῶς,
828 1539 937 1612 ίδικῶς
960 1543 1016 1604 καί
1039 1549 1256 1624 περιεκτικῶς,
1279 1535 1337 1602 καὶ

81 1659 180 1735 ἁπλῶς
213 1665 316 1728 πάντα
343 1675 425 1728 ποιεῖ
451 1667 506 1728 καί
533 1667 662 1748 πράττει
689 1660 708 1750 ή
734 1665 813 1750 μονή
844 1662 890 1728 ἐπ’
918 1659 1015 1749 αότῲ,
1045 1661 1106 1727 ὅσα
1137 1664 1253 1748 βουλῆς
1279 1659 1336 1726 καὶ

20 1821 21 1824 ¹
82 1786 238 1871 θελήσεως
267 1787 337 1872 ἔχει
373 1791 427 1851 καί
456 1785 518 1851 ὅσα
545 1785 575 1850 οἱ
602 1791 687 1852 θεῖοι
714 1791 770 1852 καί
798 1789 993 1875 φιλευσεβεῖς
1028 1789 1119 1872 νόμοι
1145 1788 1336 1871 διορίζονται

20 1893 21 1960 Q
83 1920 169 1972 ποιεῖν
196 1914 253 1974 καὶ
278 1913 423 1995 πράττειν
452 1911 524 1983 τοός
548 1910 685 1984 οἰκείους
708 1924 812 1996 νομεῖς
835 1916 891 1976 καὶ
915 1913 1070 1984 δεσπότας
1100 1908 1150 1974 έκί
1173 1919 1237 1982 τοῖς
1261 1907 1336 1972 έσυ-

85 2042 135 2095 τῶν
156 2037 329 2118 πράγμασι,
355 2035 476 2120 μηδένα
496 2032 689 2119 έμποδισρόν
712 2033 732 2120 ή
757 2035 942 2119 διασεισμόν
966 2033 986 2121 ἢ
1011 2034 1166 2098 ἔκπτωσιν
1189 2031 1210 2119 ή
1235 2031 1334 2121 ἀφαί·

87 2177 158 2238 ρεσιν
183 2160 270 2242 παρά
293 2177 375 2230 τινος
399 2153 583 2246 ὑφορωμένη
607 2154 627 2244 ἡ
654 2159 733 2243 μονή
758 2155 807 2222 έπί
831 2157 873 2244 τῷ
896 2159 1073 2244 δηλωθέντι
1098 2157 1253 2244 ἀρπελίιρ,
1291 2155 1334 2231 ὣς

20 2309 21 2350 ;
87 2289 131 2343 τοῦ
152 2283 305 2366 παρόντος
338 2277 426 2367 ήμῶν
452 2283 614 2368 ἐγγράφου
651 2277 756 2366 ἀρκεῖν
785 2277 968 2366 δφείλοντος
996 2293 1034 2368 τη
1071 2293 1151 2369 μονή
1178 2285 1235 2346 καί
1269 2279 1336 2346 ἀντί

87 2414 201 2490 τοτικης
229 2406 342 2468 τοότοο
371 2403 554 2476 ἐπιστασίας
582 2408 639 2470 καί
666 2415 851 2490 σωματικῆς
879 2407 1002 2478 τελείας
1031 2403 1334 2484 ἀποκαταστάσεως,

86 2523 156 2591 ἀλλὰ
181 2532 238 2592 καί
271 2529 451 2593 καθολικόν
487 2529 683 2616 δεφενσίωνα
718 2527 989 2616 ἐπαγγελλόμεθα
1019 2541 1057 2616 τη
1092 2539 1174 2616 μονή
1209 2528 1260 2594 ἐπί
1294 2529 1337 2615 τῷ

20 2639 21 2646 '
85 2648 250 2734 δηλωθέντι
274 2649 426 2736 ἀμπελίῳ.
453 2651 503 2714 ἐπί
519 2653 618 2736 τούτῳ
643 2655 703 2736 γάρ
727 2657 783 2718 καί
806 2655 841 2716 τό
862 2656 962 2738 παρόν
986 2651 1139 2741 ἡμέτερον
1163 2656 1332 2739 πρατήριον

20 2853 21 2856 ¹
84 2770 230 2862 ἔγγραφον
265 2772 447 2860 έξεθέμεθσι
480 2778 556 2860 πρός
592 2771 673 2860 ὑμᾶς
708 2777 780 2848 τοὺς
813 2781 1120 2857 πανεογενεστσίτους
1157 2773 1334 2860 όμυζόγοος

20 2877 21 2880 ¹
83 2901 130 2959 καί
151 2901 277 2983 κυρίους
299 2895 387 2984 ήμῶν
411 2904 468 2963 καί
491 2899 531 2963 δι’
558 2895 642 2986 δμῶν
667 2903 743 2985 πρός
767 2903 801 2963 τό
827 2897 899 2964 ὅλον
924 2905 1020 2985 μέρος
1044 2910 1098 2986 της
1123 2909 1231 2986 μονής,
1256 2896 1333 2986 ὅπερ

84 3017 107 3080 εί
131 3022 328 3108 τολμήσομεν
365 3021 570 3108 ἀρνήσασθαι
605 3033 739 3109 μερικῶς
767 3021 786 3110 ή
819 3023 980 3103 καθόλου,
1018 3022 1059 3108 μή
1089 3026 1183 3108 μόνον
1210 3021 1263 3086 ἵνα
1291 3023 1334 3109 μή

20 3197 21 3232 ,
84 3139 333 3232 εἰσακουῶμεθα,
369 3144 429 3210 κάν
465 3147 495 3211 εἴ
522 3169 550 3211 τι
579 3145 616 3211 ἂν
644 3152 701 3212 καί
728 3150 832 3226 λέγειν
867 3146 1128 3233 ἐπιχειρήσωμεν,
1162 3146 1246 3211 ἀλλὰ
1280 3152 1336 3212 καί

20 3307 21 3342 3
81 3271 245 3355 πρόστιμον
273 3273 555 3356 ζημιωθησόμεθα
581 3274 658 3356 πρὸς
686 3266 768 3356 όμάς
791 3275 847 3336 καί
870 3273 949 3355 πρός
972 3273 1008 3334 τό
1033 3273 1129 3356 μέρος
1155 3280 1210 3357 τής
1238 3271 1337 3357 μσνής

20 3451 21 3462 ,
80 3397 251 3480 νομίσματα
279 3388 437 3479 ὑπέρπυρα
466 3398 671 3478 τριακονταέξ
705 3397 761 3459 καί
796 3395 839 3480 τιρ
861 3397 1005 3481 δημοσίῳ
1029 3396 1064 3459 τό
1088 3395 1252 3482 διαφέρον,
1275 3379 1336 3459 ’τόδ

20 3549 22 3618 }
80 3511 168 3600 όφους
192 3521 366 3604 γραφέντος
383 3519 421 3582 έκ
444 3519 680 3605 παρακλήσεως
703 3516 792 3605 ήμῶν
812 3519 866 3582 διὰ
889 3522 997 3604 χειρός
1021 3527 1075 3582 τοῦ
1099 3521 1335 3604 πανιερωτάτυο

20 3697 22 3722 ,
80 3635 248 3727 ἀρχιερέως
271 3637 360 3728 ἡμῶν
384 3652 439 3706 τοῦ
463 3641 685 3729 Δημητριάδος
708 3647 764 3706 καί
786 3640 945 3728 Ἃλμυροῦ
968 3647 1024 3706 καί
1042 3643 1335 3727 πρωτοσυγκέλλοο,

77 3774 170 3848 κυρυῦ
190 3764 324 3851 Μιχαήλ
347 3776 401 3830 τοῦ
427 3765 620 3852 Παναρέτου,
645 3771 739 3853 χάριν
764 3771 901 3854 ψυχικῆς
925 3772 1082 3854 σωτηρίας
1106 3763 1202 3832 αότοῶ
1228 3771 1335 3852 μηνί

80 3887 1335 3975 μαίμίνδικτιῶνοςπεντεκαιδεκάτης,έτειἑξακισ-

78 4011 1019 4100 χιλιοστηῑἑπτακοσιοστῷόγδσηκοστιμ

165 4135 272 4202 Ταῦτα
301 4137 511 4222 διαλαμβάνει
538 4142 594 4202 καί
622 4141 656 4202 τό
685 4147 739 4204 του
764 4137 949 4223 Κατίιδιόνη
977 4141 1146 4223 πρατήρισν
1174 4135 1334 4224 ἔγγραφον

20 4251 21 4274 ³
79 4251 125 4318 έπί
155 4257 296 4345 ἀμπελίιρ
324 4264 400 4346 πρὸς
426 4264 480 4348 τήν
505 4263 705 4348 δηλωθεῖσαν
731 4263 827 4347 μονήν
855 4271 911 4325 τοῦ
935 4265 1038 4346 τιμίου
1068 4260 1256 4346 Προδρόμοο
1280 4269 1335 4344 τῆς

77 4376 160 4454 Νέας
184 4381 317 4466 Πέτραςτ
