3140 5284
284 289 347 353 150

284 487 454 568 ζευγαρίων
478 479 498 569 ἡ
524 490 564 568 γῆ
580 483 634 546 διὰ
657 485 790 559 πάντων,
815 477 951 566 δπιργὸς
975 485 1085 545 τεκαὶ
1108 483 1288 568 νομαδιαία.
1314 483 1415 568 μηνὶ
1438 477 1543 564 μαΐῳ

281 603 1063 692 ίνδ.ἑβδόμηςτοῦβψμβέτυυςγ.

371 727 455 810 †‘0
483 729 653 802 δοῦλος
686 737 764 793 τοῦ
792 737 1022 815 κραταιοῦ
1057 732 1135 794 καί
1164 725 1300 807 ἁγίου
1328 723 1452 815 ἡμῶν
1479 723 1544 792 οδ-

284 823 1546 939 δέντυυκαίβασιλέως,τρυκαδήμενοςΣμῦρνηςκαί

283 977 558 1064 παραδῦτης
601 987 683 1041 τῶν
732 976 864 1050 έντὸς
910 979 1246 1062 γεγραμμένων
1293 979 1545 1062 χωραφίων,

284 1097 1072 1188 ἸωάννηςσιβυστδςδἈλωπόςτ.

523 1312 644 1383 LXXX.
663 1313 891 1392 67ί3-1265,
909 1331 1015 1380 mense
1031 1311 1137 1400 aprili,
1153 1311 1218 1380 ind.
1236 1311 1316 1380 VIII.

454 1461 596 1518 Nicotaus
612 1473 639 1518 τί
654 1462 759 1519 Xoana
774 1461 932 1518 Βιττκοίαι
946 1462 1118 1520 mommerlo
1133 1461 1244 1518 ιίυαακί
1259 1479 1384 1534 οσικροτ.

375 1594 479 1676 γΤό
507 1597 830 1682 δωρεαστικάν
861 1595 1101 1686 έγγραρον
1135 1559 1455 1681 τυῦΔερματᾶ
1481 1589 1546 1656 Νι-

288 1716 1545 1805 κυλάυυκαίτυῦοίυῦαδτοῦπερίτῦνχωραρίωντῆς

286 1841 553 1929 Τραχεινῆς
579 1848 607 1923 †.

376 1965 474 2046 Σίγνα
496 1965 662 2032 Νικολάου
686 1976 741 2032 τοῦ
766 1973 916 2053 Δερματα
939 1965 996 2032 καὶ
1019 1967 1118 2034 Ξένου
1141 1975 1197 2034 τοῦ
1216 1959 1289 2032 ὐἱοῦ
1313 1963 1422 2030 αὐτοῦ.

375 2095 395 2170 †
421 2089 473 2156 Ἐν
502 2087 635 2176 δνῦματι
661 2111 693 2156 κ.
721 2113 747 2155 τ.
772 2092 801 2155 λ.
825 2089 989 2164 Νικόλαος
1013 2089 1030 2156 δ
1054 2090 1220 2177 Δερματᾰς
1236 2093 1304 2156 ’καὶ
1325 2087 1425 2162 Ξένυς
1448 2085 1465 2151 δ
1488 2085 1547 2156 υἱός

289 2212 386 2280 αὐτοῦ
413 2235 444 2278 κ.
475 2233 499 2279 τ.
529 2215 557 2280 λ.
588 2218 669 2300 μετὰ
697 2217 751 2299 τὴν
787 2223 841 2280 τοῦ
870 2211 946 2279 ὅλου
975 2211 1072 2312 δρους
1102 2213 1278 2294 ἀνάγνωσιν
1306 2215 1362 2300 τήν
1390 2221 1547 2298 παροῦσαν

288 2341 448 2426 ἔγγραφον
472 2342 527 2403 καί
552 2339 769 2426 ένυπίγραρον
794 2337 987 2405 ἀπεντεῦθεν
1010 2345 1067 2404 καί
1092 2339 1135 2413 εἰς
1160 2341 1196 2404 ιδ
1224 2337 1295 2426 έξγς
1322 2359 1353 2404 κ.
1383 2361 1410 2403 τ.
1440 2339 1467 2402 λ.
1496 2337 1547 2399 ἔκ·

287 2463 457 2529 δοσιν...
478 2471 629 2550 ποιοῦμεν
646 2513 653 2529 .
672 2511 705 2530 ..
730 2466 809 2550 πρδς
832 2465 889 2550 τήν
913 2466 1090 2550 σεβασμίων
1113 2485 1145 2531 κ,
1162 2487 1186 2530 τ.
1205 2466 1234 2530 λ.
1260 2463 1356 2549 μονὴν
1380 2471 1438 2548 τῆς
1461 2457 1547 2542 ὑπερ-

289 2589 388 2666 ἀγνυυ
414 2587 616 2672 δευμήτυρυς
644 2595 701 2674 τῆς
728 2586 974 2675 Λεμβιωτίσυης
1002 2609 1033 2653 κ.
1058 2609 1084 2654 τ.
1109 2589 1154 2668 λ.,
1178 2589 1293 2662 καθὼς
1322 2587 1495 2672 δηλώσειεν
1517 2583 1548 2644 τδ

288 2705 378 2798 δρας·
405 2713 462 2774 καί
489 2713 550 2796 γὰρ
578 2713 613 2775 τδ
642 2712 681 2776 έκ
708 2712 898 2776 δεσποτικοῦ
921 2717 978 2778 καί
1005 2714 1245 2800 κληρονομικοῦ
1269 2716 1382 2797 μέρους
1409 2711 1548 2795 διαφέρον

287 2801 378 2922 ἡμίν.
395 2835 558 2922 χωράφιυν
585 2842 641 2920 τῆς
673 2833 851 2922 Τραχεινῆς
885 2839 921 2901 τδ
949 2837 1166 2922 κατωδρομον,
1196 2834 1233 2900 ἐκ
1267 2836 1303 2899 δὲ
1339 2843 1395 2920 τῆς
1431 2831 1548 2898 ἀνωθεν

288 2955 367 3023 δδοῦ
390 2967 445 3046 τῆς
469 2955 656 3044 ἀπαγυῦσης
680 2957 713 3022 ἐν
736 2962 780 3046 τῷ
800 2956 976 3045 Κουκυύλῳ
998 2961 1081 3046 ἔχων
1102 2960 1301 3046 πλησιαστὴν
1321 2957 1549 3024 Κωνσταντῑνυν

289 3083 342 3146 τὸν
371 3081 585 3168 ’λπυστῦληω
615 3081 652 3146 ὲκ
679 3084 715 3146 δὲ
744 3081 858 3168 μέρους
894 3085 1021 3168 βορείου
1048 3087 1105 3147 καί
1133 3081 1165 3159 Ie
1193 3081 1350 3169 ἀνατολῆς
1378 3085 1434 3148 τὸν
1464 3077 1549 3144 αὐτὸν

289 3201 499 3292 Ἀποστόλην,
524 3207 563 3270 ὲκ
587 3207 622 3271 δέ
646 3210 750 3270 νοτίου
774 3211 889 3292 μέρους
911 3205 983 3294 ἤτοι
1007 3209 1232 3281 συνπυδιδσεως
1257 3209 1292 3272 ιδ
1315 3210 1479 3293 χωράριον
1501 3211 1550 3265 τοῦ

290 3327 446 3406 Κολελοῦ,
475 3331 510 3393 τδ
539 3330 575 3394 δέ
601 3330 700 3396 δοθέν
723 3330 796 3416 παρ’
820 3327 909 3417 ἡμῶν
934 3335 1096 3419 χωροὶριυν
1123 3329 1168 3405 είς
1192 3332 1247 3418 τήν
1270 3330 1474 3416 δηλωδεῑσαν
1498 3328 1549 3408 βα-

291 3453 416 3538 σιλικὴν
441 3453 538 3538 μονὴν
563 3463 623 3518 τῦν
645 3451 781 3540 Λέμβων
806 3453 874 3518 ἔστι
898 3451 1085 3540 υτρέμματα
1105 3455 1147 3532 ἓξ,
1172 3453 1210 3519 ἐκ
1233 3457 1269 3519 δέ
1291 3459 1405 3541 μέρους
1429 3453 1549 3516 δυτικοῦ

292 3575 347 3662 τήν
377 3573 564 3655 ἀπάγουσαν
592 3574 667 3642 δδόν
691 3576 735 3650 είς
758 3583 798 3642 τὰ
826 3579 965 3663 βιβάρια.
993 3580 1029 3642 τδ
1053 3577 1089 3643 δέ
1113 3587 1256 3644 τοιοῦτον
1284 3581 1448 3664 χωράριον
1473 3575 1549 3640 ἔστιν

293 3697 325 3766 ἀν
363 3699 407 3786 τῷ
444 3704 532 3788 μέρει
566 3697 668 3766 αὐτων
704 3711 764 3765 των
798 3701 1002 3787 πλησιαοτῦν
1038 3700 1074 3765 ἐκ
1109 3707 1214 3766 νοτίου
1242 3707 1298 3766 καί
1326 3703 1462 3785 βορείου,
1490 3696 1549 3760 ἐστὶ

293 3821 478 3909 στρέμματα
504 3823 561 3886 δῦυ
588 3819 696 3909 ἥμισυ.
725 3827 888 3910 χωράριον
915 3822 1025 3909 ἕτερον
1048 3826 1222 3911 λεγόμενον
1244 3823 1265 3912 ἡ
1288 3823 1452 3910 Βαμβιίκη
1480 3820 1548 3885 ὡσεί

293 3947 479 4029 στρέμματα
498 3948 601 4026 πέντε,
626 3947 702 4032 ἔχον
725 3947 923 4034 πληοιαστὴν
946 3946 984 4013 ἐκ
1009 3948 1133 4033 βορείου
1158 3953 1271 4034 μέρους
1294 3945 1363 4034 ἤτοι
1387 3957 1443 4034 τῆς
1458 3965 1548 4030 προρ-

292 4070 449 4154 ρηδείσης
477 4066 602 4134 ἀνωθεν
637 4066 712 4135 ὁδοῦ
740 4069 837 4135 Ξένον
866 4073 921 4136 τδν
947 4071 1098 4156 Γουνυίριν
1126 4073 1179 4136 τὸν
1209 4072 1326 4158 ἔχοντα
1354 4071 1409 4156 τὴν
1433 4069 1549 4152 οἴκησιν

292 4191 325 4257 δν
353 4205 393 4280 τῇ
416 4195 548 4279 τοιαύτῃ
572 4195 732 4279 οεβαομίγ
756 4207 848 4282 μονῇ,
872 4195 917 4268 είς
940 4199 993 4260 τὸν
1018 4199 1152 4284 στρορὸν
1181 4197 1216 4261 δέ
1240 4203 1295 4259 τοῦ
1318 4196 1460 4260 τοιοῦτον
1486 4213 1548 4277 χω-

292 4319 406 4404 ραρίυυ
434 4315 511 4403 έχυν
540 4317 696 4402 βρυῦλλας
724 4313 782 4384 υδκ
811 4317 922 4398 δλίγας
956 4323 1012 4384 καί
1040 4317 1214 4405 ἀλμοτέπιν
1243 4315 1302 4384 οὐκ
1330 4315 1437 4398 ἀλίγον
1461 4315 1491 4380 ἐν
1514 4323 1548 4397 τῇ

293 4436 374 4528 αὐτῇ
397 4437 564 4527 δροδεσία.
592 4446 662 4528 περί
685 4443 720 4508 δέ
748 4451 803 4507 τοῦ
826 4439 901 4529 ὅρου
925 4451 980 4508 τοῦ
1004 4441 1196 4509 ἀνατολικοῦ
1225 4447 1339 4529 μέρους
1363 4437 1420 4507 οῦκ
1445 4441 1548 4526 έχουσι

292 4567 376 4642 τινὰ,
404 4563 431 4628 τί
460 4565 502 4650 μή
537 4565 592 4652 τὴν
621 4565 748 4652 λα’μπην
779 4571 878 4654 μόνην
905 4571 961 4631 καὶ
990 4569 1321 4654 συγκαταβαινῦμενυν
1349 4571 1385 4632 τδ
1412 4573 1547 4631 τοιοῦτον

295 4683 437 4774 ἀστάχυν
467 4685 612 4755 ἀποδιδοῖ
639 4689 683 4764 είς
712 4693 747 4755 τδ
771 4693 932 4778 χωροίριυν
957 4699 1011 4754 τοῦ
1036 4687 1128 4770 ἁγίου
1155 4690 1312 4776 Γιωργίυυ
1336 4699 1390 4757 τοῦ
1413 4689 1545 4757 Σιλλειί-
