3140 5306
289 189 291 194 ’
305 175 368 240 250

302 363 350 430 ὅτι
372 370 427 431 καί
450 370 488 430 τὰ
516 369 659 452 πρόβατα
682 376 738 454 της
768 377 865 454 μονῆς
888 377 943 455 τῆς
966 367 1171 454 δηλωθείσης
1198 369 1254 432 καί
1278 373 1332 430 τού
1361 367 1478 451 χωρίου
1500 372 1547 428 τού

302 485 456 575 ῥηθέντος
485 491 664 576 έμέτρησας
691 494 748 556 καί
775 495 876 577 ίητεῐς
903 488 1054 576 ἐννόμων.
1084 491 1255 576 διορίζεταί
1282 511 1334 554 σοι
1361 483 1382 576 η
1413 487 1550 570 βασιλεία

301 635 373 696 μου,
403 610 445 686 ὡς
474 611 511 676 ἂν
539 613 687 699 μηδύλως
715 611 853 700 ἑλκύσης
881 617 916 678 τύ
940 619 1035 700 μέρος
1058 623 1114 701 τῆς
1142 621 1240 700 μονῆς
1262 610 1283 700 ἣ
1307 615 1343 676 τὸ
1369 615 1484 698 χωρίον
1511 609 1549 684 είς

298 736 386 800 δύσιν
411 735 563 822 ἐννομίου.
587 739 624 800 τύ
648 741 708 822 γὰρ
731 745 787 822 τῆς
812 745 909 823 μονῆς
934 743 1028 824 μέρος
1052 737 1289 822 χρυσύβυυλλον
1312 743 1369 820 τῆς
1390 735 1548 818 βασιλείας

299 881 359 945 μου
382 863 534 944 κέκτηται
558 861 607 923 έπί
632 857 818 944 έξκουσσείη
841 871 901 924 των
924 862 1071 925 τοιούτων
1094 863 1226 934 πάντων,
1250 862 1306 926 καί
1323 859 1366 944 μη
1391 856 1436 930 είς
1453 860 1548 943 μάτην

297 981 400 1070 ύχλης
428 980 515 1047 αύτύ.
552 981 753 1069 ἀντίστροφον
782 983 817 1046 δέ
846 985 889 1070 τῷ
917 987 1003 1070 μέρει
1037 993 1094 1070 τῆς
1121 991 1219 1068 μονῆς
1246 987 1302 1047 καί
1329 984 1383 1048 τὸν
1411 983 1549 1066 παρόντι

296 1105 424 1193 ὁρισμὸν
452 1115 507 1192 τῆς
535 1107 699 1190 βασιλείας
728 1105 788 1194 μου
817 1103 866 1170 ἐπί
893 1105 936 1194 τῷ
961 1116 1123 1192 προσεῖναι
1150 1101 1230 1194 αὐτῇ
1258 1108 1314 1172 καί
1344 1103 1390 1180 είς
1417 1106 1452 1168 τὰ
1484 1101 1547 1188 ἑξης

295 1229 340 1304 είς
364 1228 539 1318 ἀσφάλειαν
562 1232 592 1310 †.

381 1351 539 1438 ΤΕίχε
568 1355 624 1418 τύ.
654 1357 760 1438 μηνί
787 1349 904 1439 μαίιρ
933 1353 1010 1418 ίνδ,
1035 1349 1158 1433 ιγ’δι’
1187 1350 1391 1440 έρυθρων
1415 1371 1548 1436 γραμ·

295 1480 444 1562 μάτων
479 1487 556 1564 τῆς
591 1476 845 1563 βασιλικῆς
877 1479 956 1541 καί
989 1479 1127 1550 θείας
1160 1478 1337 1564 χειρὸς,
1372 1473 1478 1560 εἶχε
1504 1473 1547 1537 δὲ

290 1605 368 1664 καί
402 1605 599 1687 κηρίνην
634 1600 838 1684 βούλλαν
872 1599 948 1664 διὰ
982 1609 1059 1666 τοῦ
1094 1601 1350 1684 βασιλικοῦ
1384 1599 1545 1664 δακτυ-

289 1724 393 1787 λίου
415 1728 492 1788 καί
515 1726 572 1788 τύ·
596 1723 671 1787 διὰ
693 1733 771 1788 τοῦ
795 1721 998 1810 Τορνίκη
1023 1723 1292 1811 Δημητρίων
1314 1726 1343 1804 †.

537 1995 539 2002 Α
567 1915 683 1985 CLVII.
702 1917 778 1985 Sine
794 1939 884 2001 anno,
901 1939 1008 1985 menso
1022 1916 1125 2006 aprili,
1141 1915 1205 1983 ind.
1221 1915 1259 1983 X.

468 2065 631 2138 Imperator
645 2069 799 2138 ιἰιριιίίίωοι
818 2069 955 2122 Δίιίονιιοι
969 2068 1063 2122 eximit
1079 2067 1190 2120 tributis
1205 2065 1367 2123 navalibus.

371 2213 604 2303 †‘'Etepov
635 2221 911 2305 πρόσταγμα
945 2217 1267 2303 δωρεαστικόν
1293 2218 1433 2302 χάριν
1464 2223 1543 2279 των

243 2323 1208 2428 ·είςτὰΜηλαὲνύςἡμίσεοςπλωίμωνῒ.

371 2462 631 2548 ηΠοινοέβαστε,
658 2467 794 2550 οεβαστέ
818 2463 913 2529 οίκεῑε
937 2476 976 2553 τη
1001 2466 1148 2549 βασιλεία
1168 2486 1237 2550 μου,
1261 2462 1337 2536 noae
1358 2469 1414 2526 τού
1436 2463 1544 2546 θέμο·

282 2609 336 2660 τος
370 2610 428 2655 των
457 2587 656 2675 Θρακησίων,
691 2599 751 2674 κύρ
774 2587 925 2675 Μονουηλ
959 2587 1131 2676 Κοντοφρέ·
1160 2583 1177 2651 ὁ
1204 2586 1454 2673 καθηγούμενος
1488 2591 1543 2668 τῆς

281 2711 458 2796 οεβασμίας
479 2722 576 2799 μονῆς
599 2721 654 2799 της
678 2712 845 2796 βασιλείας
869 2733 928 2798 μου
952 2721 1011 2775 τῶν
1035 2709 1180 2798 Λέμβων,
1206 2707 1397 2796 ἀναδραμὼν
1422 2707 1470 2782 εἷς
1487 2708 1541 2792 τήν

279 2835 443 2917 βασιλείαν
467 2857 536 2921 μου,
561 2833 721 2910 ὑπέδειξεν
746 2833 825 2922 αύτη
849 2838 888 2899 τὰ
903 2839 1062 2921 προσόντα
1085 2845 1123 2922 τη
1147 2840 1220 2898 κατ’
1246 2830 1339 2898 αύτόν
1361 2843 1444 2918 μονῇ
1461 2854 1541 2918 χρυ-

276 2959 437 3042 σύβουλλα
461 2967 516 3045 τῆς
540 2959 706 3042 βασιλείας
730 2979 805 3044 μου,
830 2957 851 3022 ά
873 2962 929 3022 καί
952 2959 1236 3044 διαλαμβάνουσιν,
1264 2955 1440 3041 ἀνωτέρους
1466 2956 1541 3020 δια-

277 3084 446 3166 τηρεῖσθαι
473 3083 528 3146 καί
557 3081 629 3156 τούς
658 3079 690 3146 ἐν
719 3080 761 3166 τῷ
790 3085 896 3168 χωρίῳ
919 3083 958 3145 τὰ
981 3079 1078 3168 Μηλα
1099 3083 1389 3167 προσκαθημένοως
1418 3083 1538 3164 παροί-

277 3225 354 3278 κους
383 3201 480 3291 αὐτῆς
508 3203 569 3270 ἀπὸ
598 3214 654 3292 τῆς
680 3215 740 3270 τῶν
766 3201 913 3290 πλωίμων
936 3205 1064 3278 δύσεως.
1093 3202 1230 3292 ἐπετέθη
1258 3212 1333 3283 γούν
1359 3211 1456 3268 τούτο
1482 3201 1541 3289 ἆρ-

276 3332 349 3400 τίως
371 3326 420 3392 ἐπί
443 3341 506 3402 τοῖς
530 3327 645 3394 ἑκατὸν
667 3325 1047 3415 πεντήκοντα-πλωΐμοις,
1070 3328 1210 3414 πλώϊμος
1233 3325 1278 3401 είς
1300 3327 1377 3412 πρὸς
1400 3325 1446 3412 τῷ
1461 3323 1539 3414 ἡμί-

276 3470 334 3514 σει.
358 3454 414 3514 καί
437 3450 609 3536 διορίζεταί
631 3473 682 3516 σοι
704 3447 725 3538 ἡ
749 3451 896 3535 βασιλεία
919 3473 993 3537 μου,
1018 3447 1060 3525 ὣς
1084 3447 1122 3515 ἂν
1150 3447 1250 3536 ἐάσης
1273 3451 1345 3524 τούς
1374 3452 1539 3522 τοιούτους

271 3577 445 3660 παροίκους
466 3572 697 3661 ἀνενοχλητους
720 3571 783 3640 ἀπὸ
810 3584 865 3662 τῆς
894 3576 1041 3661 τοιαύτης
1064 3585 1124 3639 τῶν
1151 3570 1297 3659 πλωΐμων
1320 3575 1454 3652 δύσεως,
1480 3577 1538 3637 καί

269 3695 324 3764 ἵνα
347 3721 398 3762 σοι
422 3699 529 3784 δεχθη
552 3695 570 3763 ὁ
593 3706 734 3772 τοιοῦτος
757 3695 800 3772 τίς
823 3700 901 3784 πρὸς
924 3699 967 3784 τῷ
986 3694 1094 3786 ἡμίσει
1116 3699 1267 3784 πλώϊμος,
1290 3691 1330 3762 δι’
1356 3694 1536 3783 ἐμφανείας

273 3818 497 3908 ἀρχιερατικοῦ
525 3825 757 3910 σημειύματος,
792 3823 1033 3909 προβησυμένου
1061 3817 1289 3908 έξὸμολογίας
1324 3829 1380 3885 τοῦ
1414 3825 1540 3906 μέρους

274 3953 329 4030 τῆς
358 3947 505 4032 τοιαύτης
534 3954 641 4032 μονῆς.
670 3947 722 4010 τὸν
751 3948 859 4030 μέντοι
884 3948 1025 4033 παρέντα
1047 3953 1103 4032 τῆς
1127 3945 1291 4028 βασιλείας
1319 3965 1379 4032 μου
1402 3941 1538 4031 ὁρισμὸν

273 4065 477 4155 ἀντίστρεψον
505 4067 547 4154 τῷ
579 4072 667 4155 μέρει
695 4075 750 4154 τῆς
778 4071 926 4155 τοιαύτης
950 4077 1062 4156 μονῆς,
1084 4065 1138 4134 ἵνα
1162 4066 1318 4156 ἐμφανίίη
1342 4076 1456 4133 τοῦτον
1481 4073 1539 4132 καί

269 4201 334 4265 τοῖς
356 4195 440 4257 κατὰ
463 4192 594 4279 καιρούς
615 4194 816 4276 ποιουμένοις
839 4191 894 4278 την
917 4201 977 4256 τῶν
1000 4188 1147 4278 πλοΐμων
1172 4191 1323 4270 ἐξέλασιν,
1347 4195 1404 4258 καί
1418 4203 1540 4259 ποιῶσι

267 4318 325 4379 καί
347 4309 435 4382 οὗτοι
457 4319 542 4382 κατὰ
564 4317 620 4402 την
643 4315 753 4380 τούτου
776 4315 941 4402 περίληψιν
962 4319 993 4396 †.

357 4437 511 4526 ῒΕίχε
535 4441 592 4506 τύ·
617 4441 723 4525 μηνί
747 4435 1077 4525 ἀπριλλίῳίνύ.
1102 4435 1372 4526 δεκάτηςθι’
1396 4435 1537 4524 ἐμυθ-

268 4571 350 4645 ριῖιν
376 4565 656 4648 γραμμάτων
680 4570 757 4648 τῆς
781 4563 1536 4650 βασιλικῆςκαίθείοιςχειρύςγ.
