<?xml version="1.0" encoding="UTF-8"?>
<!DOCTYPE html PUBLIC "-//W3C//DTD XHTML 1.0 Transitional//EN"
    "http://www.w3.org/TR/xhtml1/DTD/xhtml1-transitional.dtd">
<html xmlns="http://www.w3.org/1999/xhtml" xml:lang="en" lang="en">
 <head>
  <title>
</title>
<meta http-equiv="Content-Type" content="text/html;charset=utf-8" />
  <meta name='ocr-system' content='tesseract 3.04.00' />
  <meta name='ocr-capabilities' content='ocr_page ocr_carea ocr_par ocr_line ocrx_word'/>
</head>
<body>
  <div class='ocr_page' id='page_1' title='image "./actaetdiplomata04miklgoog_0333.png"; bbox 0 0 3140 5306; ppageno 0'>
   <div class='ocr_carea' id='block_1_1' title="bbox 291 207 361 272">
    <p class='ocr_par' dir='ltr' id='par_1_1' title="bbox 291 207 361 272">
     <span class='ocr_line' id='line_1_1' title="bbox 291 207 361 272; baseline 0 -1"><span class='ocrx_word' id='word_1_1' title='bbox 291 207 361 272; x_wconf 73' lang='lat'><strong>252</strong></span> 
     </span>
    </p>
   </div>
   <div class='ocr_carea' id='block_1_2' title="bbox 292 391 1554 1716">
    <p class='ocr_par' dir='ltr' id='par_1_2' title="bbox 292 391 1554 1716">
     <span class='ocr_line' id='line_1_2' title="bbox 295 391 1553 485; baseline -0.003 -23"><span class='ocrx_word' id='word_1_2' title='bbox 295 405 351 462; x_wconf 80' lang='grc' dir='ltr'><strong>τοῦ</strong></span> <span class='ocrx_word' id='word_1_3' title='bbox 373 403 426 462; x_wconf 82' lang='grc' dir='ltr'><strong>νόν</strong></span> <span class='ocrx_word' id='word_1_4' title='bbox 454 391 519 462; x_wconf 77' lang='grc' dir='ltr'><strong>οὐδ’</strong></span> <span class='ocrx_word' id='word_1_5' title='bbox 545 395 647 462; x_wconf 75' lang='grc' dir='ltr'><strong>ἔδωκε</strong></span> <span class='ocrx_word' id='word_1_6' title='bbox 670 396 715 472; x_wconf 85' lang='grc' dir='ltr'><strong>είς</strong></span> <span class='ocrx_word' id='word_1_7' title='bbox 743 399 799 485; x_wconf 79' lang='grc' dir='ltr'><strong>την</strong></span> <span class='ocrx_word' id='word_1_8' title='bbox 822 407 883 464; x_wconf 79' lang='grc' dir='ltr'><strong>τῶν</strong></span> <span class='ocrx_word' id='word_1_9' title='bbox 905 393 1052 484; x_wconf 84' lang='grc' dir='ltr'><strong>πλωίμιον</strong></span> <span class='ocrx_word' id='word_1_10' title='bbox 1079 397 1168 463; x_wconf 87' lang='grc' dir='ltr'><strong>δόσιν</strong></span> <span class='ocrx_word' id='word_1_11' title='bbox 1191 393 1213 484; x_wconf 77' lang='grc' dir='ltr'><strong>ἢ</strong></span> <span class='ocrx_word' id='word_1_12' title='bbox 1236 395 1282 470; x_wconf 82' lang='grc' dir='ltr'><strong>είς</strong></span> <span class='ocrx_word' id='word_1_13' title='bbox 1304 393 1416 482; x_wconf 74' lang='grc' dir='ltr'><strong>ἑτέραν</strong></span> <span class='ocrx_word' id='word_1_14' title='bbox 1439 400 1553 482; x_wconf 97' lang='grc' dir='ltr'><strong>ζημίαν</strong></span> 
     </span>
     <span class='ocr_line' id='line_1_3' title="bbox 295 515 1553 607; baseline -0.002 -22"><span class='ocrx_word' id='word_1_15' title='bbox 295 523 379 585; x_wconf 82' lang='grc' dir='ltr'><strong>κατὰ</strong></span> <span class='ocrx_word' id='word_1_16' title='bbox 402 523 511 607; x_wconf 77' lang='grc' dir='ltr'><strong>χώραν</strong></span> <span class='ocrx_word' id='word_1_17' title='bbox 534 517 746 586; x_wconf 78' lang='grc' dir='ltr'>ἐπελθοῦσαν.</span> <span class='ocrx_word' id='word_1_18' title='bbox 770 527 825 586; x_wconf 81' lang='grc' dir='ltr'><strong>νῦν</strong></span> <span class='ocrx_word' id='word_1_19' title='bbox 848 517 901 586; x_wconf 85' lang='grc' dir='ltr'><strong>οόν</strong></span> <span class='ocrx_word' id='word_1_20' title='bbox 924 529 990 593; x_wconf 80' lang='grc' dir='ltr'><strong>πῶς</strong></span> <span class='ocrx_word' id='word_1_21' title='bbox 1012 521 1180 585; x_wconf 71' lang='grc' dir='ltr'><strong>τεθείκατε</strong></span> <span class='ocrx_word' id='word_1_22' title='bbox 1210 515 1294 604; x_wconf 77' lang='grc' dir='ltr'><strong>αὐτῷ</strong></span> <span class='ocrx_word' id='word_1_23' title='bbox 1321 515 1408 605; x_wconf 77' lang='grc' dir='ltr'><strong>ὑμεῖς</strong></span> <span class='ocrx_word' id='word_1_24' title='bbox 1431 517 1479 592; x_wconf 82' lang='grc' dir='ltr'><strong>είς</strong></span> <span class='ocrx_word' id='word_1_25' title='bbox 1501 519 1553 604; x_wconf 80' lang='grc' dir='ltr'><strong>την</strong></span> 
     </span>
     <span class='ocr_line' id='line_1_4' title="bbox 295 639 1553 730; baseline -0.002 -22"><span class='ocrx_word' id='word_1_26' title='bbox 295 646 442 729; x_wconf 76' lang='grc' dir='ltr'><strong>τοιαύτην</strong></span> <span class='ocrx_word' id='word_1_27' title='bbox 463 643 550 708; x_wconf 91' lang='grc' dir='ltr'><strong>δόσιν</strong></span> <span class='ocrx_word' id='word_1_28' title='bbox 574 653 634 708; x_wconf 78' lang='grc' dir='ltr'><strong>τῶν</strong></span> <span class='ocrx_word' id='word_1_29' title='bbox 656 641 814 729; x_wconf 80' lang='grc' dir='ltr'><strong>πλωΐμωνς</strong></span> <span class='ocrx_word' id='word_1_30' title='bbox 838 646 1008 730; x_wconf 74' lang='grc' dir='ltr'><strong>διορίζεται</strong></span> <span class='ocrx_word' id='word_1_31' title='bbox 1031 639 1085 708; x_wconf 81' lang='grc' dir='ltr'><strong>οὖν</strong></span> <span class='ocrx_word' id='word_1_32' title='bbox 1109 639 1178 728; x_wconf 79' lang='grc' dir='ltr'><strong>ὑμῖν</strong></span> <span class='ocrx_word' id='word_1_33' title='bbox 1201 639 1221 729; x_wconf 84' lang='grc' dir='ltr'>ἡ</span> <span class='ocrx_word' id='word_1_34' title='bbox 1247 643 1394 726; x_wconf 86' lang='grc' dir='ltr'><strong>βασιλεία</strong></span> <span class='ocrx_word' id='word_1_35' title='bbox 1418 663 1489 727; x_wconf 90' lang='grc' dir='ltr'><strong>μοο,</strong></span> <span class='ocrx_word' id='word_1_36' title='bbox 1513 639 1553 714; x_wconf 77' lang='grc' dir='ltr'><strong>ὡς</strong></span> 
     </span>
     <span class='ocr_line' id='line_1_5' title="bbox 296 762 1554 854; baseline -0.006 -21"><span class='ocrx_word' id='word_1_37' title='bbox 296 763 334 834; x_wconf 80' lang='grc' dir='ltr'><strong>ἂν</strong></span> <span class='ocrx_word' id='word_1_38' title='bbox 350 769 385 831; x_wconf 83' lang='grc' dir='ltr'><strong>τό</strong></span> <span class='ocrx_word' id='word_1_39' title='bbox 402 769 459 853; x_wconf 76' lang='grc' dir='ltr'><strong>μὲν</strong></span> <span class='ocrx_word' id='word_1_40' title='bbox 478 773 621 830; x_wconf 80' lang='grc' dir='ltr'><strong>τοιοῦτον</strong></span> <span class='ocrx_word' id='word_1_41' title='bbox 637 771 756 852; x_wconf 85' lang='grc' dir='ltr'><strong>χωρίον</strong></span> <span class='ocrx_word' id='word_1_42' title='bbox 772 766 889 854; x_wconf 78' lang='grc' dir='ltr'><strong>ἐάσητε</strong></span> <span class='ocrx_word' id='word_1_43' title='bbox 907 763 1150 854; x_wconf 79' lang='grc' dir='ltr'><strong>ἀτταταζητητον</strong></span> <span class='ocrx_word' id='word_1_44' title='bbox 1175 764 1236 830; x_wconf 88' lang='grc' dir='ltr'><strong>οἰπό</strong></span> <span class='ocrx_word' id='word_1_45' title='bbox 1253 775 1309 853; x_wconf 81' lang='grc' dir='ltr'><strong>της</strong></span> <span class='ocrx_word' id='word_1_46' title='bbox 1332 775 1392 830; x_wconf 83' lang='grc' dir='ltr'><strong>τῶν</strong></span> <span class='ocrx_word' id='word_1_47' title='bbox 1409 762 1554 849; x_wconf 75' lang='grc' dir='ltr'><strong>πλοΐμων</strong></span> 
     </span>
     <span class='ocr_line' id='line_1_6' title="bbox 294 886 1553 978; baseline -0.001 -26"><span class='ocrx_word' id='word_1_48' title='bbox 294 888 424 966; x_wconf 81' lang='grc' dir='ltr'><strong>δόσεως,</strong></span> <span class='ocrx_word' id='word_1_49' title='bbox 459 889 512 953; x_wconf 86' lang='grc' dir='ltr'><strong>τόν</strong></span> <span class='ocrx_word' id='word_1_50' title='bbox 536 889 572 954; x_wconf 81' lang='grc' dir='ltr'><strong>δὲ</strong></span> <span class='ocrx_word' id='word_1_51' title='bbox 596 899 738 956; x_wconf 79' lang='grc' dir='ltr'><strong>τοιοῦτον</strong></span> <span class='ocrx_word' id='word_1_52' title='bbox 760 887 818 955; x_wconf 77' lang='grc' dir='ltr'><strong>ἕνα</strong></span> <span class='ocrx_word' id='word_1_53' title='bbox 840 887 938 978; x_wconf 80' lang='grc' dir='ltr'><strong>ἥμισυ</strong></span> <span class='ocrx_word' id='word_1_54' title='bbox 960 889 1101 975; x_wconf 80' lang='grc' dir='ltr'><strong>πλόϊμον</strong></span> <span class='ocrx_word' id='word_1_55' title='bbox 1129 888 1183 954; x_wconf 79' lang='grc' dir='ltr'><strong>ἵνα</strong></span> <span class='ocrx_word' id='word_1_56' title='bbox 1206 886 1389 974; x_wconf 82' lang='grc' dir='ltr'><strong>ἁναλοίβητε</strong></span> <span class='ocrx_word' id='word_1_57' title='bbox 1414 886 1477 953; x_wconf 80' lang='grc' dir='ltr'><strong>ἀπό</strong></span> <span class='ocrx_word' id='word_1_58' title='bbox 1502 896 1553 950; x_wconf 75' lang='grc' dir='ltr'><strong>τοῦ</strong></span> 
     </span>
     <span class='ocr_line' id='line_1_7' title="bbox 293 1007 1554 1098; baseline -0.002 -22"><span class='ocrx_word' id='word_1_59' title='bbox 293 1008 446 1098; x_wconf 83' lang='grc' dir='ltr'><strong>όσπητίοο</strong></span> <span class='ocrx_word' id='word_1_60' title='bbox 475 1021 531 1076; x_wconf 78' lang='grc' dir='ltr'><strong>τοῦ</strong></span> <span class='ocrx_word' id='word_1_61' title='bbox 555 1015 612 1086; x_wconf 85' lang='grc' dir='ltr'><strong>τὰς</strong></span> <span class='ocrx_word' id='word_1_62' title='bbox 635 1016 831 1086; x_wconf 75' lang='grc' dir='ltr'><strong>παταδόσεις</strong></span> <span class='ocrx_word' id='word_1_63' title='bbox 852 1022 1016 1084; x_wconf 82' lang='grc' dir='ltr'><strong>ποιοῦντος</strong></span> <span class='ocrx_word' id='word_1_64' title='bbox 1040 1011 1198 1098; x_wconf 79' lang='grc' dir='ltr'><strong>Φαχομοδ</strong></span> <span class='ocrx_word' id='word_1_65' title='bbox 1217 1063 1224 1077; x_wconf 92' lang='grc'><strong>.</strong></span> <span class='ocrx_word' id='word_1_66' title='bbox 1241 1061 1276 1078; x_wconf 93' lang='grc'><strong>..</strong></span> <span class='ocrx_word' id='word_1_67' title='bbox 1304 1015 1360 1078; x_wconf 80' lang='grc' dir='ltr'><strong>ιιαί</strong></span> <span class='ocrx_word' id='word_1_68' title='bbox 1383 1007 1483 1084; x_wconf 71' lang='grc' dir='ltr'><strong>οὕτως</strong></span> <span class='ocrx_word' id='word_1_69' title='bbox 1505 1009 1554 1074; x_wconf 83' lang='grc' dir='ltr'><strong>ἵνα</strong></span> 
     </span>
     <span class='ocr_line' id='line_1_8' title="bbox 294 1131 1553 1221; baseline -0.002 -21"><span class='ocrx_word' id='word_1_70' title='bbox 294 1131 453 1221; x_wconf 80' lang='grc' dir='ltr'><strong>ἀπομοίδη</strong></span> <span class='ocrx_word' id='word_1_71' title='bbox 481 1137 516 1200; x_wconf 85' lang='grc' dir='ltr'><strong>τό</strong></span> <span class='ocrx_word' id='word_1_72' title='bbox 540 1138 666 1201; x_wconf 70' lang='grc' dir='ltr'><strong>τιθέναι</strong></span> <span class='ocrx_word' id='word_1_73' title='bbox 694 1134 738 1208; x_wconf 81' lang='grc' dir='ltr'><strong>είς</strong></span> <span class='ocrx_word' id='word_1_74' title='bbox 765 1139 823 1208; x_wconf 87' lang='grc' dir='ltr'><strong>τὰς</strong></span> <span class='ocrx_word' id='word_1_75' title='bbox 851 1139 969 1221; x_wconf 88' lang='grc' dir='ltr'><strong>ζημίας</strong></span> <span class='ocrx_word' id='word_1_76' title='bbox 996 1137 1053 1208; x_wconf 86' lang='grc' dir='ltr'><strong>τὰς</strong></span> <span class='ocrx_word' id='word_1_77' title='bbox 1080 1139 1167 1199; x_wconf 76' lang='grc' dir='ltr'><strong>κατὰ</strong></span> <span class='ocrx_word' id='word_1_78' title='bbox 1196 1139 1305 1221; x_wconf 80' lang='grc' dir='ltr'><strong>χώραν</strong></span> <span class='ocrx_word' id='word_1_79' title='bbox 1338 1135 1553 1220; x_wconf 71' lang='grc' dir='ltr'><strong>ἐπερχομένας</strong></span> 
     </span>
     <span class='ocr_line' id='line_1_9' title="bbox 293 1255 1554 1346; baseline -0.002 -24"><span class='ocrx_word' id='word_1_80' title='bbox 293 1260 330 1322; x_wconf 86' lang='grc' dir='ltr'><strong>τό</strong></span> <span class='ocrx_word' id='word_1_81' title='bbox 358 1261 475 1344; x_wconf 83' lang='grc' dir='ltr'><strong>χωρίον</strong></span> <span class='ocrx_word' id='word_1_82' title='bbox 502 1267 559 1344; x_wconf 81' lang='grc' dir='ltr'><strong>τῆς</strong></span> <span class='ocrx_word' id='word_1_83' title='bbox 588 1266 687 1346; x_wconf 72' lang='grc' dir='ltr'><strong>μονῆς</strong></span> <span class='ocrx_word' id='word_1_84' title='bbox 710 1267 765 1344; x_wconf 84' lang='grc' dir='ltr'><strong>τῆς</strong></span> <span class='ocrx_word' id='word_1_85' title='bbox 794 1258 958 1342; x_wconf 79' lang='grc' dir='ltr'><strong>βασιλείας</strong></span> <span class='ocrx_word' id='word_1_86' title='bbox 988 1279 1063 1343; x_wconf 82' lang='grc' dir='ltr'><strong>μοι),</strong></span> <span class='ocrx_word' id='word_1_87' title='bbox 1088 1257 1123 1321; x_wconf 84' lang='grc' dir='ltr'><strong>όν</strong></span> <span class='ocrx_word' id='word_1_88' title='bbox 1152 1262 1232 1343; x_wconf 81' lang='grc' dir='ltr'><strong>μετὰ</strong></span> <span class='ocrx_word' id='word_1_89' title='bbox 1259 1259 1294 1322; x_wconf 85' lang='grc' dir='ltr'><strong>τό</strong></span> <span class='ocrx_word' id='word_1_90' title='bbox 1320 1255 1554 1346; x_wconf 75' lang='grc' dir='ltr'><strong>ἐμφανισθῆναι</strong></span> 
     </span>
     <span class='ocr_line' id='line_1_10' title="bbox 295 1377 1553 1468; baseline -0.002 -22"><span class='ocrx_word' id='word_1_91' title='bbox 295 1378 364 1466; x_wconf 83' lang='grc' dir='ltr'><strong>όμίν</strong></span> <span class='ocrx_word' id='word_1_92' title='bbox 393 1379 618 1468; x_wconf 77' lang='grc' dir='ltr'><strong>ἀντιστρέψατε</strong></span> <span class='ocrx_word' id='word_1_93' title='bbox 647 1392 685 1468; x_wconf 78' lang='grc' dir='ltr'><strong>τη</strong></span> <span class='ocrx_word' id='word_1_94' title='bbox 715 1392 795 1468; x_wconf 75' lang='grc' dir='ltr'><strong>μονῇ</strong></span> <span class='ocrx_word' id='word_1_95' title='bbox 823 1378 873 1446; x_wconf 77' lang='grc' dir='ltr'><strong>ίπί</strong></span> <span class='ocrx_word' id='word_1_96' title='bbox 903 1381 947 1466; x_wconf 75' lang='grc' dir='ltr'><strong>περ</strong></span> <span class='ocrx_word' id='word_1_97' title='bbox 980 1390 1144 1466; x_wconf 78' lang='grc' dir='ltr'><strong>προσεῖναι</strong></span> <span class='ocrx_word' id='word_1_98' title='bbox 1172 1377 1252 1468; x_wconf 80' lang='grc' dir='ltr'><strong>αὐτῇ</strong></span> <span class='ocrx_word' id='word_1_99' title='bbox 1287 1377 1331 1454; x_wconf 84' lang='grc' dir='ltr'><strong>τίς</strong></span> <span class='ocrx_word' id='word_1_100' title='bbox 1366 1378 1553 1468; x_wconf 78' lang='grc' dir='ltr'><strong>ἀσφάλειαν.</strong></span> 
     </span>
     <span class='ocr_line' id='line_1_11' title="bbox 292 1500 1554 1592; baseline -0.002 -22"><span class='ocrx_word' id='word_1_101' title='bbox 292 1502 399 1591; x_wconf 85' lang='grc' dir='ltr'><strong>Είχε</strong></span> <span class='ocrx_word' id='word_1_102' title='bbox 423 1508 478 1570; x_wconf 87' lang='grc' dir='ltr'><strong>τό·</strong></span> <span class='ocrx_word' id='word_1_103' title='bbox 503 1500 1554 1592; x_wconf 75' lang='grc' dir='ltr'><strong>μηνίμαΐφίνδιιιτιιδνοςότδόηςδι’ἐροθρι·ον</strong></span> 
     </span>
     <span class='ocr_line' id='line_1_12' title="bbox 294 1627 1459 1716; baseline 0.001 -24"><span class='ocrx_word' id='word_1_104' title='bbox 294 1627 1459 1716; x_wconf 71' lang='grc' dir='ltr'><strong>χραμμοίτωντῆςβασιλικῆςτιαίδείαςχειρόςτ.</strong></span> 
     </span>
    </p>
   </div>
   <div class='ocr_carea' id='block_1_3' title="bbox 378 2060 1556 2154">
    <p class='ocr_par' dir='ltr' id='par_1_3' title="bbox 378 2060 1556 2154">
     <span class='ocr_line' id='line_1_13' title="bbox 378 2060 1556 2154; baseline -0.001 -23"><span class='ocrx_word' id='word_1_105' title='bbox 378 2063 432 2131; x_wconf 87' lang='grc' dir='ltr'><strong>ΠΙ.</strong></span> <span class='ocrx_word' id='word_1_106' title='bbox 459 2060 689 2150; x_wconf 64' lang='grc' dir='ltr'><strong>ῒἝτερον</strong></span> <span class='ocrx_word' id='word_1_107' title='bbox 717 2069 1010 2152; x_wconf 76' lang='grc' dir='ltr'><strong>πρόσταγμα,</strong></span> <span class='ocrx_word' id='word_1_108' title='bbox 1038 2067 1252 2154; x_wconf 79' lang='grc' dir='ltr'><strong>διορίζον</strong></span> <span class='ocrx_word' id='word_1_109' title='bbox 1280 2069 1358 2132; x_wconf 85' lang='grc' dir='ltr'><strong>ιιαί</strong></span> <span class='ocrx_word' id='word_1_110' title='bbox 1386 2067 1435 2132; x_wconf 84' lang='grc' dir='ltr'><strong>τό</strong></span> <span class='ocrx_word' id='word_1_111' title='bbox 1472 2089 1556 2130; x_wconf 70' lang='grc' dir='ltr'><strong>τοι</strong></span> 
     </span>
    </p>
   </div>
   <div class='ocr_carea' id='block_1_4' title="bbox 159 2185 1556 2648">
    <p class='ocr_par' dir='ltr' id='par_1_4' title="bbox 292 2185 1556 2282">
     <span class='ocr_line' id='line_1_14' title="bbox 292 2185 1556 2276; baseline -0.001 -21"><span class='ocrx_word' id='word_1_112' title='bbox 292 2195 427 2255; x_wconf 77' lang='grc' dir='ltr'><strong>οοτον</strong></span> <span class='ocrx_word' id='word_1_113' title='bbox 461 2187 641 2254; x_wconf 82' lang='grc' dir='ltr'><strong>διὰτων</strong></span> <span class='ocrx_word' id='word_1_114' title='bbox 674 2185 902 2275; x_wconf 83' lang='grc' dir='ltr'><strong>πλωίμων,</strong></span> <span class='ocrx_word' id='word_1_115' title='bbox 942 2186 997 2264; x_wconf 80' lang='grc' dir='ltr'><strong>ιδς</strong></span> <span class='ocrx_word' id='word_1_116' title='bbox 1035 2190 1353 2266; x_wconf 74' lang='grc' dir='ltr'><strong>ὲζιοοσσεόον</strong></span> <span class='ocrx_word' id='word_1_117' title='bbox 1392 2191 1446 2254; x_wconf 80' lang='grc' dir='ltr'><strong>τὰ</strong></span> <span class='ocrx_word' id='word_1_118' title='bbox 1480 2199 1556 2276; x_wconf 85' lang='grc' dir='ltr'><strong>της</strong></span> 
     </span>
    </p>

    <p class='ocr_par' dir='ltr' id='par_1_5' title="bbox 292 2315 483 2399">
     <span class='ocr_line' id='line_1_15' title="bbox 292 2315 483 2399; baseline 0.01 -24"><span class='ocrx_word' id='word_1_119' title='bbox 292 2320 431 2399; x_wconf 85' lang='grc' dir='ltr'><strong>μονῆς</strong></span> <span class='ocrx_word' id='word_1_120' title='bbox 454 2315 483 2392; x_wconf 91' lang='lat'><strong>†.</strong></span> 
     </span>
    </p>

    <p class='ocr_par' dir='ltr' id='par_1_6' title="bbox 159 2432 1556 2648">
     <span class='ocr_line' id='line_1_16' title="bbox 159 2432 1556 2536; baseline 0.001 -37"><span class='ocrx_word' id='word_1_121' title='bbox 159 2529 163 2536; x_wconf 12' lang='grc' dir='ltr'><strong>ἡ</strong></span> <span class='ocrx_word' id='word_1_122' title='bbox 378 2437 399 2515; x_wconf 84' lang='lat'><em>†</em></span> <span class='ocrx_word' id='word_1_123' title='bbox 428 2432 648 2518; x_wconf 79' lang='grc' dir='ltr'><strong>Πανσόβαστε,</strong></span> <span class='ocrx_word' id='word_1_124' title='bbox 678 2437 813 2519; x_wconf 75' lang='grc' dir='ltr'><strong>σεβαστό</strong></span> <span class='ocrx_word' id='word_1_125' title='bbox 840 2433 937 2500; x_wconf 79' lang='grc' dir='ltr'><strong>οίιιεῖτ</strong></span> <span class='ocrx_word' id='word_1_126' title='bbox 965 2445 1004 2522; x_wconf 83' lang='grc' dir='ltr'><strong>τῇ</strong></span> <span class='ocrx_word' id='word_1_127' title='bbox 1033 2435 1181 2520; x_wconf 72' lang='grc' dir='ltr'><strong>βασιλεία</strong></span> <span class='ocrx_word' id='word_1_128' title='bbox 1209 2455 1279 2523; x_wconf 85' lang='grc' dir='ltr'><strong>μοο,</strong></span> <span class='ocrx_word' id='word_1_129' title='bbox 1307 2435 1383 2511; x_wconf 61' lang='lat' dir='ltr'><strong>noae</strong></span> <span class='ocrx_word' id='word_1_130' title='bbox 1408 2444 1469 2501; x_wconf 81' lang='grc' dir='ltr'><strong>τοῦ</strong></span> <span class='ocrx_word' id='word_1_131' title='bbox 1500 2437 1556 2500; x_wconf 77' lang='grc' dir='ltr'><strong>δί-</strong></span> 
     </span>
     <span class='ocr_line' id='line_1_17' title="bbox 293 2555 1554 2648; baseline 0.002 -26"><span class='ocrx_word' id='word_1_132' title='bbox 293 2579 393 2645; x_wconf 91' lang='grc' dir='ltr'><strong>ματος</strong></span> <span class='ocrx_word' id='word_1_133' title='bbox 415 2567 475 2622; x_wconf 81' lang='grc' dir='ltr'><strong>τῶν</strong></span> <span class='ocrx_word' id='word_1_134' title='bbox 499 2557 696 2645; x_wconf 88' lang='grc' dir='ltr'><strong>Θραιιησίων,</strong></span> <span class='ocrx_word' id='word_1_135' title='bbox 720 2567 778 2644; x_wconf 80' lang='grc' dir='ltr'><strong>τδρ</strong></span> <span class='ocrx_word' id='word_1_136' title='bbox 801 2557 954 2646; x_wconf 80' lang='grc' dir='ltr'><strong>Μανοοὴλ</strong></span> <span class='ocrx_word' id='word_1_137' title='bbox 975 2558 1148 2648; x_wconf 77' lang='grc' dir='ltr'><strong>Κοντορρό.</strong></span> <span class='ocrx_word' id='word_1_138' title='bbox 1173 2557 1240 2625; x_wconf 75' lang='grc' dir='ltr'><strong>ἐπεὶ</strong></span> <span class='ocrx_word' id='word_1_139' title='bbox 1260 2555 1411 2625; x_wconf 81' lang='grc' dir='ltr'><strong>οόδίποτε</strong></span> <span class='ocrx_word' id='word_1_140' title='bbox 1436 2557 1554 2644; x_wconf 74' lang='grc' dir='ltr'><strong>ἐδόθη·</strong></span> 
     </span>
    </p>
   </div>
   <div class='ocr_carea' id='block_1_5' title="bbox 290 2679 1554 3386">
    <p class='ocr_par' dir='ltr' id='par_1_7' title="bbox 290 2679 1554 3386">
     <span class='ocr_line' id='line_1_18' title="bbox 292 2679 1554 2769; baseline 0.001 -23"><span class='ocrx_word' id='word_1_141' title='bbox 292 2699 353 2746; x_wconf 90' lang='grc' dir='ltr'><strong>σαν</strong></span> <span class='ocrx_word' id='word_1_142' title='bbox 376 2679 437 2746; x_wconf 80' lang='grc' dir='ltr'><strong>ἀπό</strong></span> <span class='ocrx_word' id='word_1_143' title='bbox 453 2689 509 2766; x_wconf 82' lang='grc' dir='ltr'><strong>της</strong></span> <span class='ocrx_word' id='word_1_144' title='bbox 532 2683 710 2767; x_wconf 83' lang='grc' dir='ltr'><strong>σεβασμίας</strong></span> <span class='ocrx_word' id='word_1_145' title='bbox 733 2691 832 2768; x_wconf 69' lang='grc' dir='ltr'><strong>μονῆς</strong></span> <span class='ocrx_word' id='word_1_146' title='bbox 855 2692 914 2747; x_wconf 76' lang='grc' dir='ltr'><strong>τῶν</strong></span> <span class='ocrx_word' id='word_1_147' title='bbox 936 2680 1073 2768; x_wconf 82' lang='grc' dir='ltr'><strong>Λίμβων</strong></span> <span class='ocrx_word' id='word_1_148' title='bbox 1095 2683 1230 2768; x_wconf 76' lang='grc' dir='ltr'><strong>πλώιμοι</strong></span> <span class='ocrx_word' id='word_1_149' title='bbox 1252 2685 1347 2769; x_wconf 82' lang='grc' dir='ltr'><strong>χάριν</strong></span> <span class='ocrx_word' id='word_1_150' title='bbox 1370 2692 1433 2747; x_wconf 82' lang='grc' dir='ltr'><strong>τῶν</strong></span> <span class='ocrx_word' id='word_1_151' title='bbox 1458 2705 1554 2768; x_wconf 88' lang='grc' dir='ltr'><strong>προσ-</strong></span> 
     </span>
     <span class='ocr_line' id='line_1_19' title="bbox 291 2801 1554 2894; baseline 0.002 -26"><span class='ocrx_word' id='word_1_152' title='bbox 291 2807 387 2869; x_wconf 81' lang='grc' dir='ltr'><strong>όντων</strong></span> <span class='ocrx_word' id='word_1_153' title='bbox 416 2801 496 2892; x_wconf 79' lang='grc' dir='ltr'><strong>αότη</strong></span> <span class='ocrx_word' id='word_1_154' title='bbox 523 2809 693 2890; x_wconf 75' lang='grc' dir='ltr'><strong>παροίκων,</strong></span> <span class='ocrx_word' id='word_1_155' title='bbox 718 2802 825 2880; x_wconf 74' lang='grc' dir='ltr'><strong>ἒζότοο</strong></span> <span class='ocrx_word' id='word_1_156' title='bbox 854 2801 1085 2893; x_wconf 75' lang='grc' dir='ltr'><strong>ὲπεχορηχηδη</strong></span> <span class='ocrx_word' id='word_1_157' title='bbox 1116 2807 1214 2892; x_wconf 81' lang='grc' dir='ltr'><strong>ταύτῃ</strong></span> <span class='ocrx_word' id='word_1_158' title='bbox 1238 2808 1274 2870; x_wconf 85' lang='grc' dir='ltr'><strong>τό</strong></span> <span class='ocrx_word' id='word_1_159' title='bbox 1302 2815 1359 2894; x_wconf 80' lang='grc' dir='ltr'><strong>της</strong></span> <span class='ocrx_word' id='word_1_160' title='bbox 1386 2807 1554 2889; x_wconf 77' lang='grc' dir='ltr'><strong>βασιλείαις</strong></span> 
     </span>
     <span class='ocr_line' id='line_1_20' title="bbox 292 2923 1554 3015; baseline 0 -23"><span class='ocrx_word' id='word_1_161' title='bbox 292 2951 352 3015; x_wconf 90' lang='grc' dir='ltr'><strong>μοο</strong></span> <span class='ocrx_word' id='word_1_162' title='bbox 380 2928 630 3015; x_wconf 87' lang='grc' dir='ltr'><strong>χροαόβοολλον,</strong></span> <span class='ocrx_word' id='word_1_163' title='bbox 666 2929 836 3013; x_wconf 82' lang='grc' dir='ltr'><strong>διορίζεταί</strong></span> <span class='ocrx_word' id='word_1_164' title='bbox 863 2949 915 2992; x_wconf 92' lang='grc' dir='ltr'><strong>σοι</strong></span> <span class='ocrx_word' id='word_1_165' title='bbox 941 2923 961 3014; x_wconf 76' lang='grc' dir='ltr'>ἡ</span> <span class='ocrx_word' id='word_1_166' title='bbox 991 2929 1137 3012; x_wconf 84' lang='grc' dir='ltr'><strong>βασιλεία</strong></span> <span class='ocrx_word' id='word_1_167' title='bbox 1165 2949 1240 3015; x_wconf 91' lang='grc' dir='ltr'><strong>μοο,</strong></span> <span class='ocrx_word' id='word_1_168' title='bbox 1269 2925 1313 3002; x_wconf 70' lang='grc' dir='ltr'><strong>ὣς</strong></span> <span class='ocrx_word' id='word_1_169' title='bbox 1341 2926 1379 2993; x_wconf 76' lang='grc' dir='ltr'><strong>ἂν</strong></span> <span class='ocrx_word' id='word_1_170' title='bbox 1403 2929 1554 3014; x_wconf 86' lang='grc' dir='ltr'><strong>μηδόλως</strong></span> 
     </span>
     <span class='ocr_line' id='line_1_21' title="bbox 291 3047 1553 3139; baseline -0.003 -23"><span class='ocrx_word' id='word_1_171' title='bbox 291 3049 471 3139; x_wconf 77' lang='grc' dir='ltr'><strong>ἐνοχλήσης</strong></span> <span class='ocrx_word' id='word_1_172' title='bbox 495 3047 576 3139; x_wconf 80' lang='grc' dir='ltr'><strong>αότη</strong></span> <span class='ocrx_word' id='word_1_173' title='bbox 599 3053 694 3137; x_wconf 80' lang='grc' dir='ltr'><strong>χάριν</strong></span> <span class='ocrx_word' id='word_1_174' title='bbox 718 3059 773 3133; x_wconf 81' lang='grc' dir='ltr'><strong>τῆς</strong></span> <span class='ocrx_word' id='word_1_175' title='bbox 797 3059 857 3116; x_wconf 79' lang='grc' dir='ltr'><strong>τῶν</strong></span> <span class='ocrx_word' id='word_1_176' title='bbox 879 3048 1027 3136; x_wconf 80' lang='grc' dir='ltr'><strong>πλωίρων</strong></span> <span class='ocrx_word' id='word_1_177' title='bbox 1050 3051 1185 3129; x_wconf 80' lang='grc' dir='ltr'><strong>δόσεως,</strong></span> <span class='ocrx_word' id='word_1_178' title='bbox 1211 3049 1296 3116; x_wconf 79' lang='grc' dir='ltr'><strong>ἀλλὰ</strong></span> <span class='ocrx_word' id='word_1_179' title='bbox 1323 3048 1424 3138; x_wconf 76' lang='grc' dir='ltr'><strong>όοίσης</strong></span> <span class='ocrx_word' id='word_1_180' title='bbox 1457 3049 1553 3138; x_wconf 70' lang='grc' dir='ltr'><strong>αὐτὴν</strong></span> 
     </span>
     <span class='ocr_line' id='line_1_22' title="bbox 292 3171 1552 3263; baseline -0.002 -22"><span class='ocrx_word' id='word_1_181' title='bbox 292 3175 503 3263; x_wconf 83' lang='grc' dir='ltr'><strong>ἀνενόχλητον</strong></span> <span class='ocrx_word' id='word_1_182' title='bbox 524 3178 625 3263; x_wconf 78' lang='grc' dir='ltr'><strong>πάντη</strong></span> <span class='ocrx_word' id='word_1_183' title='bbox 648 3178 705 3238; x_wconf 79' lang='grc' dir='ltr'><strong>ναί</strong></span> <span class='ocrx_word' id='word_1_184' title='bbox 729 3171 929 3240; x_wconf 83' lang='grc' dir='ltr'><strong>ἀδιάσειστον</strong></span> <span class='ocrx_word' id='word_1_185' title='bbox 957 3179 1042 3240; x_wconf 76' lang='grc' dir='ltr'><strong>κατὰ</strong></span> <span class='ocrx_word' id='word_1_186' title='bbox 1064 3175 1121 3262; x_wconf 79' lang='grc' dir='ltr'><strong>τήν</strong></span> <span class='ocrx_word' id='word_1_187' title='bbox 1146 3176 1311 3262; x_wconf 78' lang='grc' dir='ltr'><strong>περίληψιν</strong></span> <span class='ocrx_word' id='word_1_188' title='bbox 1335 3183 1389 3239; x_wconf 82' lang='grc' dir='ltr'><strong>τοῦ</strong></span> <span class='ocrx_word' id='word_1_189' title='bbox 1412 3179 1552 3260; x_wconf 87' lang='grc' dir='ltr'><strong>προσόν-</strong></span> 
     </span>
     <span class='ocr_line' id='line_1_23' title="bbox 290 3296 1550 3386; baseline -0.002 -22"><span class='ocrx_word' id='word_1_190' title='bbox 290 3321 344 3373; x_wconf 89' lang='grc' dir='ltr'><strong>τος</strong></span> <span class='ocrx_word' id='word_1_191' title='bbox 367 3296 447 3386; x_wconf 78' lang='grc' dir='ltr'><strong>αότῇ</strong></span> <span class='ocrx_word' id='word_1_192' title='bbox 471 3299 709 3386; x_wconf 87' lang='grc' dir='ltr'><strong>χροσοβοόλλοο</strong></span> <span class='ocrx_word' id='word_1_193' title='bbox 732 3307 788 3386; x_wconf 81' lang='grc' dir='ltr'><strong>τῆς</strong></span> <span class='ocrx_word' id='word_1_194' title='bbox 811 3297 977 3382; x_wconf 84' lang='grc' dir='ltr'><strong>βασιλείας</strong></span> <span class='ocrx_word' id='word_1_195' title='bbox 999 3319 1068 3384; x_wconf 83' lang='grc' dir='ltr'><strong>μου.</strong></span> <span class='ocrx_word' id='word_1_196' title='bbox 1094 3299 1217 3384; x_wconf 82' lang='grc' dir='ltr'><strong>μᾶλλον</strong></span> <span class='ocrx_word' id='word_1_197' title='bbox 1242 3303 1297 3384; x_wconf 82' lang='grc' dir='ltr'><strong>μὲν</strong></span> <span class='ocrx_word' id='word_1_198' title='bbox 1322 3296 1375 3364; x_wconf 80' lang='grc' dir='ltr'><strong>οὖν</strong></span> <span class='ocrx_word' id='word_1_199' title='bbox 1400 3296 1550 3382; x_wconf 79' lang='grc' dir='ltr'><strong>ἐπίβλεπε</strong></span> 
     </span>
    </p>
   </div>
   <div class='ocr_carea' id='block_1_6' title="bbox 158 3417 1552 3509">
    <p class='ocr_par' dir='ltr' id='par_1_8' title="bbox 158 3417 1552 3509">
     <span class='ocr_line' id='line_1_24' title="bbox 158 3417 1552 3509; baseline 0 -23"><span class='ocrx_word' id='word_1_200' title='bbox 158 3463 170 3486; x_wconf 84' lang='grc'><strong>.</strong></span> <span class='ocrx_word' id='word_1_201' title='bbox 288 3425 345 3488; x_wconf 80' lang='grc' dir='ltr'><strong>τιαί</strong></span> <span class='ocrx_word' id='word_1_202' title='bbox 368 3424 422 3509; x_wconf 80' lang='grc' dir='ltr'><strong>τήν</strong></span> <span class='ocrx_word' id='word_1_203' title='bbox 446 3423 592 3508; x_wconf 87' lang='grc' dir='ltr'><strong>τοιαότην</strong></span> <span class='ocrx_word' id='word_1_204' title='bbox 617 3423 724 3508; x_wconf 76' lang='grc' dir='ltr'><strong>μονὴν,</strong></span> <span class='ocrx_word' id='word_1_205' title='bbox 747 3424 804 3485; x_wconf 76' lang='grc' dir='ltr'><strong>καί</strong></span> <span class='ocrx_word' id='word_1_206' title='bbox 826 3421 994 3509; x_wconf 81' lang='grc' dir='ltr'><strong>δερίνδεοε</strong></span> <span class='ocrx_word' id='word_1_207' title='bbox 1015 3417 1112 3507; x_wconf 74' lang='grc' dir='ltr'><strong>αὐτὴν</strong></span> <span class='ocrx_word' id='word_1_208' title='bbox 1141 3419 1203 3486; x_wconf 84' lang='grc' dir='ltr'><strong>ἀπό</strong></span> <span class='ocrx_word' id='word_1_209' title='bbox 1228 3429 1283 3486; x_wconf 82' lang='grc' dir='ltr'><strong>τοδ</strong></span> <span class='ocrx_word' id='word_1_210' title='bbox 1306 3424 1552 3508; x_wconf 78' lang='grc' dir='ltr'><strong>πειραθησομέ-</strong></span> 
     </span>
    </p>
   </div>
   <div class='ocr_carea' id='block_1_7' title="bbox 287 3537 1552 3880">
    <p class='ocr_par' dir='ltr' id='par_1_9' title="bbox 287 3537 1552 3880">
     <span class='ocr_line' id='line_1_25' title="bbox 287 3537 1127 3632; baseline 0.002 -24"><span class='ocrx_word' id='word_1_211' title='bbox 287 3565 344 3609; x_wconf 89' lang='grc' dir='ltr'><strong>νοο</strong></span> <span class='ocrx_word' id='word_1_212' title='bbox 370 3543 540 3632; x_wconf 76' lang='grc' dir='ltr'><strong>ότεδηποτε</strong></span> <span class='ocrx_word' id='word_1_213' title='bbox 564 3541 718 3630; x_wconf 78' lang='grc' dir='ltr'><strong>ἀδικῆσαι</strong></span> <span class='ocrx_word' id='word_1_214' title='bbox 742 3537 838 3630; x_wconf 72' lang='grc' dir='ltr'><strong>αὐτὴν</strong></span> <span class='ocrx_word' id='word_1_215' title='bbox 862 3541 909 3630; x_wconf 76' lang='grc' dir='ltr'><strong>ἐφ’</strong></span> <span class='ocrx_word' id='word_1_216' title='bbox 934 3541 980 3617; x_wconf 80' lang='grc' dir='ltr'><strong>οἷς</strong></span> <span class='ocrx_word' id='word_1_217' title='bbox 1004 3544 1074 3630; x_wconf 76' lang='grc' dir='ltr'><strong>ἔχει</strong></span> <span class='ocrx_word' id='word_1_218' title='bbox 1096 3546 1127 3624; x_wconf 87' lang='lat'><strong>†.</strong></span> 
     </span>
     <span class='ocr_line' id='line_1_26' title="bbox 378 3665 1552 3758; baseline -0.001 -25"><span class='ocrx_word' id='word_1_219' title='bbox 378 3667 607 3756; x_wconf 68' lang='grc' dir='ltr'><strong>ίῊΕίχε</strong></span> <span class='ocrx_word' id='word_1_220' title='bbox 641 3671 698 3733; x_wconf 89' lang='grc' dir='ltr'><strong>τδ·</strong></span> <span class='ocrx_word' id='word_1_221' title='bbox 733 3671 840 3755; x_wconf 88' lang='grc' dir='ltr'><strong>μηνί</strong></span> <span class='ocrx_word' id='word_1_222' title='bbox 868 3672 1043 3754; x_wconf 87' lang='grc' dir='ltr'><strong>μαρτίιρ</strong></span> <span class='ocrx_word' id='word_1_223' title='bbox 1076 3665 1157 3734; x_wconf 88' lang='grc' dir='ltr'><strong>ίνδ.</strong></span> <span class='ocrx_word' id='word_1_224' title='bbox 1187 3665 1237 3749; x_wconf 80' lang='grc' dir='ltr'><strong>ιη’</strong></span> <span class='ocrx_word' id='word_1_225' title='bbox 1264 3665 1314 3734; x_wconf 84' lang='grc' dir='ltr'><strong>δι’</strong></span> <span class='ocrx_word' id='word_1_226' title='bbox 1341 3666 1552 3758; x_wconf 77' lang='grc' dir='ltr'><strong>ἐροδριῐνν</strong></span> 
     </span>
     <span class='ocr_line' id='line_1_27' title="bbox 288 3791 1449 3880; baseline 0.002 -23"><span class='ocrx_word' id='word_1_227' title='bbox 288 3791 1449 3880; x_wconf 68' lang='grc' dir='ltr'><strong>χραμμοίτωντήςβασιλιιιῆςκαίδείαςχειρόςῒ.</strong></span> 
     </span>
    </p>
   </div>
   <div class='ocr_carea' id='block_1_8' title="bbox 840 4039 998 4052">
    <p class='ocr_par' dir='ltr' id='par_1_10' title="bbox 840 4039 998 4052">
     <span class='ocr_line' id='line_1_28' title="bbox 840 4039 998 4052; baseline 0 -2"><span class='ocrx_word' id='word_1_228' title='bbox 840 4039 998 4052; x_wconf 61' lang='lat' dir='ltr'><strong>mnam</strong></span> 
     </span>
    </p>
   </div>
   <div class='ocr_carea' id='block_1_9' title="bbox 287 4212 1552 4672">
    <p class='ocr_par' dir='ltr' id='par_1_11' title="bbox 287 4212 1552 4426">
     <span class='ocr_line' id='line_1_29' title="bbox 374 4212 1552 4302; baseline 0 -22"><span class='ocrx_word' id='word_1_229' title='bbox 374 4213 424 4283; x_wconf 87' lang='lat' dir='ltr'><strong>lv.</strong></span> <span class='ocrx_word' id='word_1_230' title='bbox 459 4212 697 4302; x_wconf 72' lang='lat' dir='ltr'><strong>†“Etepov</strong></span> <span class='ocrx_word' id='word_1_231' title='bbox 728 4217 1017 4302; x_wconf 76' lang='grc' dir='ltr'><strong>πρόσταγμα,</strong></span> <span class='ocrx_word' id='word_1_232' title='bbox 1051 4216 1267 4300; x_wconf 88' lang='grc' dir='ltr'><strong>διορίζον</strong></span> <span class='ocrx_word' id='word_1_233' title='bbox 1301 4218 1380 4281; x_wconf 81' lang='grc' dir='ltr'><strong>οιαί</strong></span> <span class='ocrx_word' id='word_1_234' title='bbox 1412 4224 1552 4281; x_wconf 82' lang='grc' dir='ltr'><strong>τοῦτο</strong></span> 
     </span>
     <span class='ocr_line' id='line_1_30' title="bbox 287 4337 751 4426; baseline 0.004 -22"><span class='ocrx_word' id='word_1_235' title='bbox 287 4337 359 4405; x_wconf 73' lang='grc' dir='ltr'><strong>ὲπί</strong></span> <span class='ocrx_word' id='word_1_236' title='bbox 382 4347 463 4407; x_wconf 79' lang='grc' dir='ltr'><strong>τῶν</strong></span> <span class='ocrx_word' id='word_1_237' title='bbox 486 4337 699 4426; x_wconf 81' lang='grc' dir='ltr'><strong>πλοΐμων</strong></span> <span class='ocrx_word' id='word_1_238' title='bbox 722 4343 751 4420; x_wconf 92' lang='lat'><strong>†.</strong></span> 
     </span>
    </p>

    <p class='ocr_par' dir='ltr' id='par_1_12' title="bbox 287 4459 1551 4672">
     <span class='ocr_line' id='line_1_31' title="bbox 374 4459 1551 4550; baseline -0.004 -18"><span class='ocrx_word' id='word_1_239' title='bbox 374 4461 663 4550; x_wconf 67' lang='lat' dir='ltr'><strong>†‘02t02061oevoc</strong></span> <span class='ocrx_word' id='word_1_240' title='bbox 686 4464 741 4549; x_wconf 77' lang='grc' dir='ltr'><strong>τὴν</strong></span> <span class='ocrx_word' id='word_1_241' title='bbox 766 4460 906 4537; x_wconf 72' lang='grc' dir='ltr'><strong>ἐξέτασιν</strong></span> <span class='ocrx_word' id='word_1_242' title='bbox 931 4473 990 4527; x_wconf 83' lang='grc' dir='ltr'><strong>τῶν</strong></span> <span class='ocrx_word' id='word_1_243' title='bbox 1013 4459 1171 4548; x_wconf 87' lang='grc' dir='ltr'><strong>πλωΐμων,</strong></span> <span class='ocrx_word' id='word_1_244' title='bbox 1196 4465 1379 4548; x_wconf 83' lang='grc' dir='ltr'><strong>βεστιαρῖτα</strong></span> <span class='ocrx_word' id='word_1_245' title='bbox 1402 4471 1461 4548; x_wconf 82' lang='grc' dir='ltr'><strong>τῆς</strong></span> <span class='ocrx_word' id='word_1_246' title='bbox 1488 4465 1551 4546; x_wconf 90' lang='grc' dir='ltr'><strong>βα·</strong></span> 
     </span>
     <span class='ocr_line' id='line_1_32' title="bbox 287 4583 1548 4672; baseline 0 -22"><span class='ocrx_word' id='word_1_247' title='bbox 287 4587 407 4660; x_wconf 88' lang='grc' dir='ltr'><strong>σιλείας</strong></span> <span class='ocrx_word' id='word_1_248' title='bbox 432 4609 502 4672; x_wconf 88' lang='grc' dir='ltr'><strong>μοο,</strong></span> <span class='ocrx_word' id='word_1_249' title='bbox 527 4639 533 4652; x_wconf 96' lang='grc'>.</span> <span class='ocrx_word' id='word_1_250' title='bbox 561 4638 568 4652; x_wconf 94' lang='grc'><strong>.</strong></span> <span class='ocrx_word' id='word_1_251' title='bbox 593 4635 600 4651; x_wconf 92' lang='grc'><strong>.</strong></span> <span class='ocrx_word' id='word_1_252' title='bbox 626 4589 718 4670; x_wconf 78' lang='grc' dir='ltr'><strong>βατᾱ.</strong></span> <span class='ocrx_word' id='word_1_253' title='bbox 742 4587 779 4655; x_wconf 84' lang='grc' dir='ltr'><strong>τό</strong></span> <span class='ocrx_word' id='word_1_254' title='bbox 803 4589 897 4671; x_wconf 76' lang='grc' dir='ltr'><strong>μέρος</strong></span> <span class='ocrx_word' id='word_1_255' title='bbox 921 4595 975 4672; x_wconf 81' lang='grc' dir='ltr'><strong>τῆς</strong></span> <span class='ocrx_word' id='word_1_256' title='bbox 1000 4587 1179 4672; x_wconf 85' lang='grc' dir='ltr'><strong>σεβασμίας</strong></span> <span class='ocrx_word' id='word_1_257' title='bbox 1202 4588 1300 4672; x_wconf 76' lang='grc' dir='ltr'><strong>μονης</strong></span> <span class='ocrx_word' id='word_1_258' title='bbox 1322 4596 1381 4652; x_wconf 75' lang='grc' dir='ltr'><strong>τῶν</strong></span> <span class='ocrx_word' id='word_1_259' title='bbox 1408 4583 1548 4672; x_wconf 80' lang='grc' dir='ltr'><strong>Λὲρβων</strong></span> 
     </span>
    </p>
   </div>
   <div class='ocr_carea' id='block_1_10' title="bbox 0 0 1574 5306">
    <p class='ocr_par' dir='ltr' id='par_1_13' title="bbox 0 0 1574 5306">
     <span class='ocr_line' id='line_1_33' title="bbox 0 0 1574 5306; baseline 0 3"><span class='ocrx_word' id='word_1_260' title='bbox 0 0 1574 5306; x_wconf 95' lang='lat' dir='ltr'><strong> </strong></span> 
     </span>
    </p>
   </div>
  </div>
 </body>
</html>
