3168 5274
1216 268 1283 334 335

30 459 291 546 ἐπονομαζόμενον
311 463 347 526 τύ
363 457 631 547 Ἧσοχασταρείον
649 463 728 548 μετὰ
747 465 870 527 πάντων
894 469 954 526 τόν
972 460 1104 526 ύικαίων
1126 465 1182 526 καί
1204 481 1283 546 προ·

29 589 129 668 νομίων
154 578 273 662 αύτίέν,
296 581 393 670 ἤγουν
417 583 600 672 χωραφίων,
626 583 832 671 ἀμπελώνων,
860 588 1016 670 χερσαίας
1040 591 1113 669 γῆς,
1141 603 1283 670 προσκα-

29 709 163 794 θημένων
180 705 357 792 ἀνθρώπων
372 711 429 772 καί
443 712 600 772 παντοίων
616 706 721 774 ἄλλων
736 717 872 795 κινητόν
888 729 922 772 τε
937 711 994 773 καί
1010 705 1167 795 ἀκινητων
1182 727 1285 794 πραγ-

30 835 135 914 μάτων,
157 833 202 894 τά
225 851 258 894 τε
282 828 314 894 έν
338 841 377 917 τη
400 833 531 917 τοιαύτη
555 828 792 917 Δρυανουβαίνη
817 831 851 908 &fi
874 830 1051 918 άγορασίας
1073 833 1285 918 περιελθόντα

30 957 113 1037 τούτῳ
142 952 208 1020 ἀπό
237 953 364 1027 όικαίας
391 963 491 1040 νυμης
514 965 574 1018 τόν
598 956 839 1040 όιαπρασάντων
872 956 951 1040 πρύς
975 951 1070 1020 αύτόν
1105 963 1204 1020 ταῦτα
1227 959 1285 1019 καί

30 1079 288 1162 τρυσκυροοθέντα
309 1081 396 1164 παρὰ
419 1079 530 1144 τούτου
553 1089 592 1166 τη
616 1080 746 1166 τοιαύτη
772 1079 934 1165 σεβασμίφ
957 1089 1039 1165 μονη
1056 1077 1218 1166 οἰκήματά
1239 1099 1284 1156 τε,

30 1185 197 1287 τεριύύλια,
227 1199 379 1287 ἀμπέλια,
415 1205 566 1290 χωράφια
587 1207 644 1268 καί
666 1201 724 1268 όύυ
752 1203 871 1289 μυλικά
898 1199 1106 1288 έργαστηρια,
1134 1199 1285 1276 ύεσαύτως

31 1329 74 1390 καί
95 1330 133 1390 τὰ
160 1327 197 1390 έν
216 1327 260 1411 τῷ
280 1324 459 1411 Βελεστίνιμ
483 1323 517 1401 ke
540 1324 717 1412 ἀγορασίαις
733 1328 844 1392 τούτου
867 1329 953 1392 κατὰ
975 1327 1030 1390 τύν
1054 1321 1148 1392 αύτύν
1171 1327 1286 1411 τρόπον

31 1451 287 1534 εροσκυρωθέντα
320 1445 402 1536 αύτη
432 1447 572 1536 ἀμπέλια
604 1453 689 1515 κατά
717 1453 774 1524 τὰς
803 1451 988 1538 τεριληφεις
1016 1457 1076 1516 τόν
1111 1451 1287 1530 γεγονότων

32 1575 114 1658 τούτῳ
148 1577 332 1660 πραεηρίων
368 1569 536 1660 ἐγγράφων
569 1577 656 1659 παρὰ
690 1583 751 1638 τῶν
784 1573 1053 1660 όιαπωλησάντων
1082 1575 1121 1637 τὰ
1154 1579 1288 1637 τοιαῦτα

33 1699 166 1784 κτήματα
181 1697 261 1782 πρός
285 1693 388 1766 αύτύν,
414 1699 470 1783 τήν
493 1719 527 1760 τε
552 1694 588 1761 ἐκ
603 1698 814 1782 προσενέξεως
836 1695 1069 1782 περιελθοῦσαν
1092 1705 1134 1783 τη
1155 1697 1287 1782 τοιαύτη

34 1831 98 1906 μονῇ
122 1819 281 1906 ἀρόσιμυν
304 1827 363 1907 γῆν
386 1830 445 1886 τόν
469 1819 636 1906 Βραστόεν,
670 1822 785 1894 καθείς
807 1817 941 1906 κατέχει
968 1820 1086 1906 ταύτην
1113 1822 1170 1884 καί
1193 1823 1289 1906 μέχρι

34 1952 74 2007 τού
98 1952 163 2009 νύν.
202 1953 242 2029 τη
265 1941 422 2030 έμφανεία
444 1951 520 2024 γοῦν
548 1953 604 2009 τού
638 1947 793 2030 παρόντος
827 1943 1067 2030 χροσοβσύλλου
1101 1943 1199 2023 λόγου
1229 1951 1287 2029 τῆς

35 2067 187 2149 βασιλείας
203 2089 264 2153 μου
284 2069 417 2144 καθέξει
438 2075 538 2133 ταῦτα
560 2070 663 2132 πάντα
685 2071 741 2132 καί
764 2069 985 2155 νεμηθηστται
1009 2071 1066 2132 καί
1089 2065 1133 2140 εἰς
1156 2069 1192 2130 τύ
1216 2063 1288 2152 ἑξῆς

34 2187 283 2279 ἠόιαληφθείσα
310 2199 365 2256 τυύ
389 2195 492 2277 τιμίου
515 2213 577 2278 μου
600 2189 790 2278 Προύρύμυυ
818 2193 981 2278 σεβασμία
1005 2191 1084 2278 μονὴ
1109 2188 1288 2276 ἀνενυχλη-

36 2337 93 2394 τως,
124 2313 351 2392 ἀόιασείστως,
387 2312 618 2404 ἀναφαιρέτως,
654 2312 920 2393 ἀναπυσπάστως,
956 2313 1199 2400 ἀνεπηρεάστως
1232 2315 1289 2378 καί

37 2435 82 2513 ἔξω
101 2443 212 2526 πάσης
235 2442 291 2504 καί
314 2443 465 2510 παντοίας
488 2437 690 2525 όημοσιακῆς
714 2435 865 2524 ἐπηρείας
888 2443 944 2503 καί
968 2439 1185 2526 συζητήσεως,
1214 2435 1290 2502 ἀνευ

10 2567 11 2574 ’
38 2565 166 2644 μέντοιγε
184 2571 240 2630 τού
257 2559 326 2636 ἑνύς
342 2563 438 2648 μόνου
454 2563 565 2626 τούτου
580 2563 759 2650 κεφαλαίου
771 2570 828 2649 τῆς
842 2567 1103 2648 καστρυκτισίας·
1119 2570 1212 2626 τούτο
1228 2563 1290 2647 γὰρ

39 2682 274 2774 ύςκοινωφελές
289 2689 345 2750 καί
364 2688 451 2771 παρὰ
466 2695 526 2750 τῶν
549 2687 698 2750 τοιούτων
722 2693 778 2772 τῆς
795 2695 893 2772 μονῆς
915 2688 1086 2774 κτημάτων
1103 2683 1290 2772 ἀπαιτηθη-

11 2885 12 2890 γ
39 2831 124 2890 σεται,
154 2813 197 2875 τά
224 2806 252 2873 δ’
280 2807 365 2874 ἄλλα
392 2811 496 2874 πάντα
523 2811 657 2885 καθέξει
684 2814 740 2874 καί
767 2811 988 2898 νεμηθήσεται
1010 2811 1067 2874 καί
1090 2805 1136 2882 εὶς
1158 2811 1195 2873 τύ
1219 2805 1291 2894 seq<

38 2927 260 3019 ηόηλωθείσα
288 2933 449 3020 σεβασμία
478 2935 557 3020 μονὴ
582 2935 621 2998 τὰ
646 2931 791 3019 ἀνωτέρω
818 2903 1030 3020 διειλημμένά
1058 2929 1292 3018 ἀντνυχλήτως,

39 3057 134 3132 κεθύς
168 3061 228 3122 καί
261 3062 461 3144 προείρηται,
502 3057 727 3134 ἀόιασείστως,
762 3055 991 3145 ἀναφαιρέτως,
1028 3053 1291 3134 ἀναποσπάστως,

40 3177 270 3268 ἀνεπηρεάστως
297 3185 353 3246 καί
379 3181 439 3257 ἔξω
461 3184 567 3268 πάσης
590 3184 646 3246 καί
668 3183 820 3254 παντοίας
840 3182 1043 3267 ύημοσιακῆς
1065 3177 1213 3266 ἐπηρείας
1235 3183 1292 3244 καί

41 3309 240 3392 ουίητήσεως,
264 3305 307 3391 μὴ
332 3309 599 3392 συνεισαγυμένου
621 3306 745 3378 τούτοις
770 3307 866 3392 μόνου
889 3311 945 3368 τού
961 3301 1031 3376 ένύς
1052 3304 1165 3368 τούτου
1187 3323 1292 3392 κεφα-

41 3428 118 3494 λτίοσ
144 3439 204 3516 τῆς
231 3433 493 3514 καστρυκτισίας,
529 3427 596 3493 έπεί
622 3425 667 3502 ὣς
699 3427 893 3515 κοινωφελές
920 3435 1012 3492 τούτο
1039 3431 1096 3492 καί
1122 3429 1210 3513 παρὰ
1232 3435 1293 3492 τόν

42 3559 84 3636 τῆς
114 3554 266 3639 τοιαύτης
294 3561 392 3640 μονῆς
419 3553 590 3639 κτημάτων
619 3549 903 3638 ἀπαιτησησεσθαι
930 3549 1061 3638 εἴρηται.
1091 3550 1138 3618 έτι
1164 3573 1200 3616 τε
1224 3549 1293 3616 έπε-

44 3681 165 3762 οτηρίίει
192 3672 213 3764 ἡ
243 3676 392 3760 βασιλεία
427 3697 487 3762 μου
515 3674 558 3761 τῷ
579 3677 709 3761 παρόντι
743 3675 970 3762 χρυσυβούλλιρ
994 3675 1080 3761 λύγιμ
1116 3669 1214 3761 αὐτῆς
1241 3677 1294 3740 τάν

43 3803 244 3882 ερογεγυνότα
266 3800 503 3886 χρυσέβουλλυν
525 3799 621 3878 λόγον
645 3796 743 3885 αύτῆς
766 3796 816 3863 ἐπί
838 3809 877 3886 τη
901 3797 1046 3885 ἀνωτέρω
1071 3793 1210 3885 ῥηθείσῃ
1235 3817 1293 3876 γυ-

44 3933 99 4009 ναι]
121 3934 177 3990 τού
199 3923 436 4012 ἀναληφθέντος
460 3921 580 3988 οίκείου
603 3935 642 4011 τῇ
666 3923 815 4008 βασιλεία
838 3945 899 4009 μου
918 3921 1087 4009 Κυμνηνού
1110 3931 1166 3988 τού
1188 3920 1294 3986 Μαλι-

46 4057 147 4132 κσηνυύ
182 4047 312 4133 ἀνύρηύτρ
339 4049 500 4134 σεβασμίφ
528 4059 609 4134 μυνη
637 4057 676 4133 τη
700 4050 786 4133 καρά
813 4057 868 4112 τοῦ
903 4049 1022 4131 πατρὸς
1049 4047 1160 4110 τούτου
1189 4042 1294 4110 έπάνω

46 4177 87 4234 τού
117 4183 173 4260 τῆς
200 4171 424 4259 Δημητριάύος
451 4167 543 4256 ύρους
572 4167 782 4256 ἀνεγερθείση
811 4168 858 4236 ἐπ’
882 4167 1014 4256 ύνύματι
1040 4179 1095 4257 της
1119 4152 1294 4255 ὑπἐράγνσσ

47 4294 231 4383 ύευμήτορυς
263 4303 319 4381 τῆς
352 4292 632 4381 έπυνυμαίυμένης
659 4293 782 4368 Ὀξείας
810 4291 1039 4380 Ἐτισκέφεως,
1069 4291 1230 4380 ἀγχωρίως
1258 4293 1294 4358 όέ

48 4416 204 4507 λεγομένης
232 4417 497 4505 Μακρινιτίσσης,
526 4421 583 4482 καί
610 4417 784 4502 ύιορίίεται
810 4422 960 4504 κατέχειν
983 4420 1040 4480 καί
1068 4419 1123 4504 την
1146 4418 1294 4502 τοιαύτην

50 4543 208 4630 σεβασμίων
238 4544 334 4629 μονην
358 4545 397 4606 τά
421 4543 455 4606 έν
479 4541 521 4628 τῷ
542 4543 749 4628 πρυγεγονότι
776 4536 857 4628 αύτη
881 4541 1108 4627 χροσυβυύλλιρ
1131 4541 1217 4626 λύγερ
1240 4549 1296 4626 τῆς

52 4665 197 4742 βασιλείας
223 4689 282 4753 μου
299 4667 581 4752 ύιαλαμβανύμενα
604 4669 706 4732 πάντα
730 4667 879 4752 κτήματά
903 4688 936 4731 τε
957 4659 1055 4750 αύτῆς
1078 4663 1135 4730 καὶ
1159 4668 1295 4754 μετύχια
