3228 5296
249 224 296 298 36.

255 419 311 482 καὶ
335 413 426 497 ἅγιος
448 411 537 504 ἡμων
562 413 720 506 αὐθέντης
744 422 799 485 καί
822 419 987 504 βασιλεῦς,
1014 420 1221 506 προηγήσατο
1247 457 1288 505 ιη,
1310 459 1441 504 „mm
1467 451 1531 507 my

257 539 375 628 Σίμωνι
399 544 565 626 προεστότι
593 545 742 627 συνεργὸν
770 542 806 606 δέ
834 546 890 608 καὶ
914 541 1079 629 ἐπίτροπον
1104 544 1157 608 τόν
1178 541 1400 625 πανσέβαστυν
1423 541 1533 624 σεβα-

257 667 333 730 στὸν
359 668 412 730 τὸν
438 664 607 746 Καῦιανόν,
639 663 751 738 οἵτινες
777 670 970 754 προσέφερον
997 663 1123 732 Λέοντα
1151 669 1203 730 τόν
1238 664 1427 751 Ποταμηνὰν
1451 662 1533 751 ἤτοι

256 793 310 855 τὸν
332 787 535 875 Μαγκανάρη
556 789 601 862 εἰς
624 792 659 854 τὸ
681 787 817 874 ἐνεργεῖν
841 793 875 854 τῦ
900 786 1110 876 ῦδρομυλικὰν
1132 787 1339 876 ἐργαστήριον
1362 791 1443 875 μετὰ
1467 795 1530 851 τοῦ

256 914 377 999 μισθοῦ
414 908 523 976 αὐτοῦ·
563 915 642 998 μετὰ
680 913 715 976 δέ
744 914 809 1000 τὴν
850 914 1039 998 παρέλευσιν
1084 921 1139 976 τοῦ
1180 916 1417 1000 προρρηθέντος
1461 933 1530 997 μο-

253 1045 355 1122 ναχσῦ
377 1045 437 1122 κῦρ
461 1035 602 1122 Σίμωνος
626 1033 778 1110 ἐλθόντος
801 1043 856 1100 τοῦ
879 1045 939 1121 κῦρ
963 1035 1141 1122 Γερασίμσυ
1165 1044 1220 1100 τοῦ
1248 1031 1434 1122 Ὀψικιὰνου
1460 1033 1530 1100 ἀπὸ

253 1170 309 1248 τῆς
344 1168 442 1246 μονῆς
477 1168 532 1224 τοῦ
567 1156 660 1238 ἁγίου
694 1157 825 1226 Παύλου
854 1157 886 1234 ἐξ
920 1156 1052 1246 ὁρισμοῦ
1079 1169 1135 1224 τοῦ
1162 1169 1316 1244 κραταιοῦ
1344 1162 1400 1224 καὶ
1427 1155 1531 1240 ἁγίου

255 1280 344 1370 ἡμῶν
372 1279 529 1348 αῦθέντου
557 1287 613 1347 καί
641 1284 797 1366 βασιλέως
829 1279 1008 1369 ἡγουμένου
1042 1283 1195 1369 εἰσῆλθον
1229 1292 1286 1349 τοῦ
1320 1285 1460 1348 καθίσαι
1498 1282 1532 1348 οἱ

258 1407 444 1493 Ποταμηνοί
471 1405 516 1480 είς
544 1408 579 1472 τῦ
602 1415 744 1472 τοιοῦτον
772 1409 879 1472 τῦπιον
905 1409 946 1472 τὰ
972 1406 1142 1496 Σρυῦρνου,
1163 1411 1220 1472 καί
1243 1403 1303 1472 οῦκ
1326 1405 1532 1494 ἐπαρεχώρει

259 1528 373 1604 αὐτοῦς
394 1528 411 1596 ὁ
434 1527 610 1618 ἡγούμενος
632 1535 688 1594 καί
712 1526 802 1596 αὐτοί
825 1529 855 1596 οἱ
876 1535 1023 1618 μυναχοί,
1048 1529 1147 1617 ἀνέβη
1171 1531 1207 1596 δέ
1231 1527 1248 1596 ἁ
1272 1532 1372 1604 λίίιος
1393 1531 1530 1614 καβαλ-

250 1655 360 1740 λάριος
395 1663 449 1719 τοῦ
484 1663 638 1740 κραταιοῦ
671 1657 729 1722 καί
763 1651 857 1734 ἁγίου
884 1651 973 1742 ἡμῶν
1008 1650 1166 1720 αῦθέντου
1189 1658 1246 1720 καί
1274 1656 1440 1738 βασιλέως,
1467 1659 1530 1720 καί

258 1777 365 1866 ὃνιῦθη
382 1781 463 1864 μετὰ
478 1788 533 1846 τοῦ
557 1780 816 1865 καθηγουμένου,
840 1779 1015 1844 καὶπολλὰ
1037 1779 1305 1866 παρακλητιῦσας
1321 1775 1415 1844 αῦτῦν
1437 1801 1529 1864 παρ-

251 1905 414 1990 εχυίρησεν
448 1897 562 1974 αὐτοῦς
593 1905 815 1988 προσκαθίσαι
847 1905 900 1968 διὰ
929 1905 963 1968 τό
992 1904 1048 1989 την
1078 1904 1175 1990 μονην
1204 1901 1285 1968 εἶναι
1316 1900 1529 1992 ὀχυρωτάτην

249 2029 305 2092 καί
328 2027 384 2112 τήν
408 2036 468 2090 τῶν
494 2036 644 2112 μοναχῦν
668 2024 840 2115 ὀλιγότητα
863 2031 919 2092 καὶ
944 2029 978 2092 τῦ
1003 2024 1112 2112 ἄγριον
1140 2035 1196 2090 τοῦ
1220 2029 1328 2092 τόπου.
1356 2030 1414 2092 καί
1443 2022 1532 2114 ὁμο·

249 2151 408 2238 λυγοῦμεν
431 2146 481 2214 ἐπὶ
499 2151 605 2236 ,φόβου
621 2152 702 2214 θεοῦ
725 2155 781 2216 καί
802 2155 909 2238 ποίσης
931 2149 1102 2236 ἀληθείας,
1127 2147 1176 2214 ὅτι
1200 2145 1259 2215 σῦκ
1283 2147 1371 2238 εἶχον
1395 2153 1533 2238 γανικήν

248 2270 468 2360 κληρονομίαν
493 2271 524 2337 οἱ
546 2271 733 2360 Ποταμηνοί
756 2272 802 2348 τίς
826 2277 866 2339 τὰ
890 2273 1063 2362 Σροῦρνσυ,
1089 2270 1159 2338 ἁλλ’
1188 2271 1231 2348 ὣς
1259 2276 1342 2350 ξένοι
1369 2277 1427 2340 καί
1456 2275 1532 2339 ἐπί-

248 2398 347 2484 ῦημυι
374 2398 629 2482 προσεκάθισαν.
661 2394 712 2462 ἐπί
740 2399 838 2483 τούτῳ
868 2400 929 2483 γὰρ
957 2395 1101 2478 ἐγεγόνει
1128 2401 1185 2464 καί
1208 2395 1231 2486 ἡ
1253 2407 1403 2485 παροῦσα
1435 2394 1532 2486 ἡμῶν

252 2519 450 2608 ἐμμάρτυρος
475 2518 636 2608 ἀσφάλεια
660 2518 705 2594 τίς
727 2525 877 2586 πίστυσιν
902 2525 976 2608 μηνί
999 2519 1108 2606 ίουλίιρ
1130 2521 1325 2596 ίνῦικτιιῦνυς
1347 2521 1376 2609 η’
1398 2525 1428 2602 †.

339 2642 431 2724 †.‘O
459 2643 555 2710 κατ’
589 2644 788 2732 ἐντολὴν
822 2653 898 2711 τοῦ
932 2653 1285 2732 πατριαρχικοῦ
1320 2642 1527 2732 ἐξάρχου

249 2775 330 2853 κῦρ
354 2764 1030 2856 Ἀλεξίσυεότελήςῦισίκονος
1054 2779 1525 2856 τῦνπατριαρχικιῦν

251 2893 453 2956 ῦικαίυιν
487 2889 568 2958 καί
601 2893 806 2980 γραρεῦς
834 2888 1089 2980 τοῦ-θρους
1117 2891 1356 2982 Στέφανος
1391 2890 1526 2959 &Ka-

251 3021 545 3103 σταμανίτης
579 3025 819 3102 μαρτυροῦν
854 3013 1027 3102 ὁμοίως
1061 3011 1306 3104 ὑπέγραψα
1340 3021 1371 3097 †.

807 3211 966 3224 W

298 3367 349 3434 IV.
373 3367 579 3458 Κρισίμη
615 3372 765 3459 γραφη
802 3369 1229 3458 ἀποκαταστατική
1262 3373 1367 3456 περὶ
1400 3375 1478 3434 τοῦ

252 3497 540 3578 προαστείου
584 3505 665 3560 τῶν
708 3495 942 3584 Σφσῦρνσυ
984 3505 1061 3562 ταῦ
1108 3491 1331 3577 Ἀγγέλυυ
1377 3499 1524 3578 κυροῦ

774 3619 993 3687 Ἰωάννου.

341 3775 377 3843 Ὁ
398 3779 646 3864 καθηγούμενος
668 3789 724 3867 της
752 3782 928 3866 σεβασμίας
957 3789 1055 3866 μονῆς
1082 3787 1138 3865 της
1161 3773 1334 3865 ὁπεραγίας
1360 3777 1525 3840 θεοτῦκου

252 3911 313 3966 τῶν
335 3899 482 3987 Λίμβιυν,
506 3898 717 3989 ἱερομόναχσς
740 3912 798 3989 κῦρ
814 3903 953 3981 Παῦλος,
977 3905 1066 3968 θεῖον
1082 3907 1138 3968 καί
1157 3903 1324 3987 βασιλικὸν
1344 3919 1525 3988 προσκυνη-

253 4026 306 4089 τῦν
339 4023 468 4112 ὁρισμὸν
496 4021 569 4113 ἡμῖν
598 4023 788 4114 ἐνεχείρισεν
817 4022 933 4092 οῦτυσί
959 4029 1045 4092 κατὰ
1069 4017 1156 4114 βῆμα
1179 4027 1403 4112 ῦιοριῦόμενον·
1431 4041 1524 4109 περι-

252 4152 376 4236 πόθηιε
399 4153 469 4219 θεία
493 4160 549 4238 της
584 4150 750 4236 βασιλείας
779 4171 847 4236 μου,
877 4150 952 4226 θοῦξ
978 4157 1034 4215 τοῦ
1062 4153 1206 4236 θίματος
1232 4157 1293 4215 τῶν
1321 4147 1523 4234 Θρακησίων,

252 4283 312 4359 κῦρ
329 4274 459 4362 Ἰωάννη
480 4273 631 4356 Ἄγγιλτ.
657 4272 937 4362 ὁκαθηγοῦμενυς
953 4284 1009 4363 της
1034 4276 1211 4361 σεβασμίας
1227 4283 1325 4362 μονῆς
1348 4281 1409 4338 τῶν
1429 4269 1523 4358 Λέμ-

253 4399 316 4481 βιυν
340 4393 497 4486 ὑπέμνησε
521 4400 576 4486 την
597 4400 764 4484 βασιλείαν
787 4421 857 4486 μου,
883 4395 929 4463 ὅτι
949 4401 1099 4484 πάροικοι
1122 4408 1177 4464 τοῦ
1199 4395 1435 4484 ἀνδρικωτάτου
1456 4413 1523 4460 κα-

254 4521 429 4607 βαλλαρίυυ
456 4531 513 4608 τῆς
541 4525 707 4607 βασιλείας
737 4545 797 4608 μου
824 4529 879 4587 τοῦ
908 4522 1055 4610 Συργαρη
1083 4524 1326 4608 πρυσεκάθισαν
1344 4519 1400 4594 εές
1425 4521 1521 4586 τόπον

252 4644 309 4731 τῆς
338 4641 387 4709 ὑπ’
407 4641 502 4712 αὐτὸν
530 4655 628 4731 μονῆς
647 4650 705 4710 τὸν
730 4644 955 4732 ἐπιλεγόμενον
979 4649 1018 4714 τὰ
1042 4645 1215 4734 Σροῦρνου,
1237 4642 1295 4712 καί
1322 4637 1382 4710 οῦκ
1405 4641 1519 4725 ὀλίγας
