3140 5306
283 245 348 310 230

281 436 382 523 ἱερεύς
409 435 426 502 δ
454 435 610 523 Γεύργιος
638 441 694 502 καί
716 435 833 524 ἕτεροι,
861 443 917 502 καί
946 435 1214 518 ἀναγινώσκοντες
1241 439 1294 503 τόν
1317 442 1461 524 περίορον
1484 447 1533 524 τῆς

186 589 189 596 ’
280 569 338 646 γῆς
362 569 417 646 τῆς
440 561 643 648 δηλωθείσης
671 561 847 646 σεβασμίας
871 571 984 647 μονῆς,
1009 559 1093 626 ἀλλὰ
1116 563 1155 646 δὴ
1179 565 1235 626 καὶ
1257 565 1293 626 τό
1316 565 1434 646 προσόν
1459 559 1532 647 αύτη

281 684 532 770 χρυσόβουλλον,
568 687 623 757 τὰς
651 688 735 748 κατὰ
769 687 882 758 τόπους
906 687 1092 770 ὁροθεσίας,
1129 681 1176 772 ἐφ’
1203 684 1253 758 αίς
1277 685 1307 750 οἱ
1330 686 1532 770 Παναρετῑται

279 793 442 894 ἠρωτῦντο
471 805 537 892 μετ’
567 805 736 892 ἐπιτιμίου,
772 803 943 893 ἀληθεύειν
972 771 1025 873 τόν
1052 812 1197 894 περίορον
1225 797 1433 892 διομνύμενοι
1461 809 1532 894 ἔρα-

279 949 357 994 σκον
380 933 436 994 καί
459 928 526 994 ἐκεῖ
547 933 603 1004 τὰς
627 930 747 1016 στηλας
770 931 951 1016 πηγνύντες,
975 931 1059 996 ἔνθα
1082 929 1112 996 οἱ
1135 928 1224 996 αύτοί
1247 935 1327 1017 μετὰ
1351 941 1406 998 τοῦ
1432 937 1532 1016 περιό-

278 1074 333 1138 ρου
356 1050 514 1118 ἐδείκνυον
538 1053 611 1126 τούς
634 1050 696 1118 ἀπό
720 1059 774 1118 τοῦ
799 1057 914 1138 μέρους
937 1062 991 1118 τοῦ
1012 1055 1120 1120 Δούκα
1143 1055 1255 1127 κενούς
1270 1059 1326 1120 καί
1351 1053 1533 1140 ἀπράκτους,

277 1173 320 1248 ὡς
349 1177 391 1263 μη
421 1176 555 1262 ἔχοντας
590 1177 728 1254 δίκαιον,
763 1173 812 1263 ἐφ’
836 1174 883 1248 οίς
909 1172 1039 1264 ἠδίκουν
1068 1177 1284 1256 δεικνύοντας,
1315 1175 1532 1250 ἀδυνατοῦντες

277 1300 381 1378 λεγειν
398 1321 428 1364 τι
451 1295 493 1372 ιδς
509 1301 593 1364 κατὰ
608 1301 772 1384 πρόσωπον
797 1295 899 1364 αύτῦν
916 1303 950 1364 τό
975 1301 1099 1364 δίκαιον
1124 1297 1277 1366 ἀπαντῶν.
1302 1299 1345 1374 ὥς
1361 1299 1389 1365 δ’
1414 1299 1532 1386 ύιρίσθη

275 1419 315 1487 δι’
344 1421 477 1508 όριομοῦ
501 1431 555 1486 τοῦ
583 1432 736 1508 κραταιοῦ
758 1427 815 1487 καί
838 1419 930 1502 ἀγίοο
954 1419 1042 1512 ἡμῶν
1068 1422 1225 1490 αύθὲντου
1249 1429 1305 1489 καί
1328 1421 1531 1510 βασιλόιυς,ό

277 1545 437 1632 δηλωθείς
453 1547 594 1632 γαμβρός
611 1567 672 1632 μου
695 1544 712 1612 ό
734 1545 951 1632 Κριτόποολος
967 1545 1117 1612 ἀπελθεῖν
1141 1547 1185 1621 είς
1205 1549 1260 1633 την
1277 1548 1431 1634 δουκικην
1455 1547 1532 1632 ὲνὲρ

276 1687 364 1748 γειαν
388 1679 444 1756 τῆς
466 1672 563 1756 νήσου
578 1669 670 1748 Χίου,
694 1665 752 1735 οὐκ
777 1671 902 1758 ἔφθασε
928 1680 1064 1758 τηρῆσαι
1086 1675 1142 1736 καί
1165 1671 1219 1758 τήν
1243 1681 1303 1737 τιῦν
1326 1670 1531 1758 Νεοχιυριτῦν

275 1788 440 1872 ύπόθεσιν,
477 1791 560 1860 ἀλλὰ
591 1795 760 1880 κατέλειψε
795 1795 910 1880 ταύτην
939 1791 1104 1881 ἀτηρητον.
1139 1797 1196 1859 καί
1222 1795 1315 1860 πάλιν
1343 1793 1374 1860 οἱ
1403 1798 1532 1880 μοναχοί

273 1926 330 2004 τῆς
363 1917 567 2004 δηλωθείσης
601 1919 778 2003 σεβασμίας
812 1927 910 2005 μονῆς
944 1921 1020 2004 πρός
1049 1941 1087 2003 με
1118 1915 1277 2007 ἀφίκοντο,
1312 1917 1365 1982 ἵνα
1392 1923 1449 1984 καί
1482 1919 1538 2004 την·

274 2043 390 2106 τούτων
419 2035 571 2106 ἀπόθεσιν
599 2041 852 2127 διορθώσονται,
879 2045 935 2108 καί
959 2039 1150 2115 ἀποστείλας
1173 2044 1226 2106 τόν
1242 2042 1529 2128 μεγαλοδοξότατον

185 2203 187 2208 ⁷
271 2168 327 2230 καί
350 2160 555 2251 ἠγαπημένον
583 2187 638 2250 μοι
666 2167 847 2253 σύντροφον,
871 2166 923 2230 τόν
948 2165 1114 2248 βασιλικόν
1139 2167 1353 2252 βεστιαρίτην,
1385 2174 1445 2252 κῦρ
1468 2165 1529 2231 Λὲ-
1558 2223 1559 2226 ,

271 2307 348 2353 οντα
369 2289 422 2352 τόν
444 2285 721 2374 Μοναστηριύτην,
746 2291 802 2352 καὶ
824 2285 973 2352 ἀπελθόν
997 2287 1030 2352 ἐν
1054 2287 1098 2374 τῷ
1119 2290 1218 2372 τόπιμ,
1244 2287 1326 2354 ἔνθα
1349 2291 1407 2354 καί
1429 2285 1449 2376 ἡ
1473 2299 1528 2351 τῶν
1558 2381 1559 2384 ¹

269 2409 491 2496 Νεοχιυριτῦν
506 2406 660 2484 ύπόθεσις
687 2407 736 2496 ἠν,
772 2413 986 2496 συναθροίσας
1011 2413 1068 2474 καί
1096 2408 1159 2476 ἀπό
1186 2421 1246 2476 τῶν
1272 2413 1374 2484 τίλας
1399 2417 1529 2499 χορίον,

268 2542 325 2620 της
349 2555 382 2598 τε
404 2531 584 2612 Μανταίας,
614 2536 807 2620 στρατιώτην
831 2536 886 2598 τόν
906 2531 1093 2620 Πετρίτζην,
1124 2536 1177 2598 τόν
1202 2535 1344 2620 γαμβρόν
1367 2545 1424 2602 τοῦ
1448 2537 1529 2624 Θρα-

268 2659 371 2744 κηση,
399 2660 457 2722 καί
484 2654 546 2722 ἀπό
574 2666 634 2720 τόν
661 2656 783 2724 Χειλῦν
812 2653 899 2741 ἱερία
920 2654 1084 2722 Νικόλαον
1112 2659 1163 2720 τόν
1191 2655 1411 2745 Λιβαδιυτην,
1440 2659 1528 2726 Rax-

270 2779 367 2846 λονᾱν
390 2783 442 2846 τόν
466 2778 629 2866 Δαμάλιον
652 2783 708 2844 καί
731 2781 784 2844 τόν
800 2777 1027 2866 Ῥαψομμότην
1043 2777 1205 2866 Μανουήλ,
1228 2785 1284 2845 καί
1307 2791 1362 2846 τοῦ
1385 2787 1527 2868 περιόρυο

269 2913 327 2991 της
355 2913 453 2990 μονης
477 2901 775 2988 ἀναγινωσκομένου
802 2901 847 2976 είς
871 2903 1009 2989 ἐπήκοον
1032 2907 1243 2982 κρίνειανκαὶ
1265 2910 1381 2978 πάντες
1405 2905 1528 2971 οὶκοδε-
1558 2939 1559 2946 1

267 3029 382 3092 σπόται
409 3031 465 3092 καί
488 3029 613 3092 τοπικοί
635 3031 780 3112 γέροντες
808 3023 840 3090 ἀν
865 3023 1005 3111 ἐπιτιμίῳ
1029 3021 1054 3090 τ’
1080 3025 1190 3114 ἀληθῆ
1217 3027 1321 3108 λέγειν
1344 3031 1398 3096 τόν
1421 3035 1526 3116 περίο-

270 3169 333 3234 ρον,
359 3154 516 3235 παρίστυν
540 3153 676 3221 καὶτὰς
700 3149 818 3235 στήλας
834 3149 1010 3224 δεικνύντες
1034 3147 1067 3216 ἐν
1091 3149 1138 3224 τίς
1160 3155 1265 3226 τόποις
1290 3155 1370 3238 μετὰ
1394 3161 1449 3216 τοῦ
1471 3175 1526 3216 πε·

267 3277 375 3358 ριόροο
397 3273 561 3359 ἒπηγνυον,
586 3277 642 3338 καί
670 3269 902 3358 ἀνενοχλὴτους
922 3283 976 3338 τοῦ
1000 3273 1111 3338 λοιποῦ
1135 3275 1207 3348 τούς
1237 3277 1399 3362 μοναχούς
1428 3281 1523 3340 κατε-

267 3417 383 3482 στησα,
414 3396 486 3468 τούς
514 3396 549 3458 δὲ
576 3395 780 3481 Νεοχιυρίτας
816 3398 930 3481 μηκέτι
960 3399 1220 3482 κατεπεμβαίνειν
1256 3409 1316 3462 τιῦν
1350 3396 1524 3486 όροθεσίυν

266 3527 321 3603 της
349 3527 446 3604 μονῆς
473 3524 646 3604 πεποίηκα,
682 3521 763 3606 μηδὲ
786 3522 972 3604 πειρᾶσθαι,
1003 3518 1049 3608 ἐφ’
1074 3519 1121 3595 τίς
1146 3522 1187 3608 μη
1213 3522 1301 3609 ἔχειν
1329 3525 1455 3589 δίκαιον
1478 3527 1521 3588 δι-

266 3643 442 3706 καιοῦσθαι
469 3642 513 3726 τηῑ
539 3642 625 3727 λόγῳ
647 3652 702 3729 της
725 3643 925 3722 δυναστείας,
957 3641 1041 3708 ἀλλὰ
1065 3649 1167 3729 μένειν
1193 3643 1355 3734 ἀμφότερα
1379 3653 1420 3712 τὰ
1445 3646 1522 3734 μέρη

265 3762 297 3828 ἐν
321 3761 406 3850 δροις
434 3775 498 3838 τοῐς
519 3763 612 3838 ίδίοις
635 3769 692 3830 καί
714 3775 769 3852 τῆς
798 3765 924 3840 ἀδικίας
952 3764 1145 3853 ἀπέχεσθαι.
1173 3767 1223 3834 όπί
1246 3773 1345 3856 τούτῳ
1370 3775 1432 3858 γὰρ
1456 3771 1523 3851 ἐγε-

262 3891 347 3967 γόνει
376 3885 435 3952 καὶ
461 3890 497 3952 τδ
524 3891 624 3974 παρόν
651 3885 805 3976 ἡμότερον
833 3893 965 3976 γράμμα
992 3889 1048 3955 καί
1071 3891 1214 3978 ἀπεδόθη
1242 3905 1280 3980 τη
1304 3894 1520 3983 διαληρθείοη

262 4021 343 4098 μονῇ
371 4021 431 4076 τῶν
464 4009 600 4096 Λίμβιυν
628 4007 667 4076 δι’
705 4009 881 4101 ἀσφάλειαν
915 4017 971 4078 καί
1006 4011 1238 4103 ἀνενοχλησίαν
1273 4012 1380 4104 αὐτῆς,
1416 4023 1521 4106 μηνὶ

233 4131 479 4224 1μαΐιρίνδ.
504 4133 644 4224 ἕκτης
668 4140 697 4217 †.

348 4272 431 4354 †‘0
459 4274 627 4348 δοῦλος
661 4283 738 4341 τοῦ
765 4285 997 4361 κραταιοῦ
1032 4283 1109 4346 καί
1138 4278 1274 4360 ἁγίου
1300 4278 1423 4370 ἡμῶν
1452 4279 1521 4347 αύ-

260 4397 533 4463 θίντουκαῑ
557 4398 1042 4489 βασιλέωςΜανουηλ
1066 4405 1297 4487 σεβαστός
1325 4405 1518 4492 Σγοορό-

255 4519 441 4594 ποολος,
465 4518 482 4584 ό
506 4522 795 4606 δομίστικος
823 4535 904 4589 τῶν
928 4523 1225 4594 ἀνατολικῶν
1251 4532 1517 4617 θεμότυνγ.
