3168 5274
1242 265 1306 346 ³13

54 453 94 516 τόν
126 454 240 518 τούτου
272 455 395 538 πατίρα
423 464 538 532 γνωναι
572 450 631 520 τίκ
667 453 837 534 ίξεγίνετο,
872 456 927 542 τήν
962 457 1072 542 ίμβιον
1102 455 1221 538 είκίνα,
1253 460 1305 522 τόν

52 574 106 640 ιίόν
128 575 255 662 δηλαδή
285 576 448 660 βλεπέτω,Ι
464 581 521 644 καί
543 587 599 642 τοῖν
627 581 855 646 κατάσκοπόν
879 577 916 644 υό
943 580 1129 668 διήμαρτεν·
1153 578 1220 658 οίος
1244 584 1307 666 γὰρ

53 697 161 774 ἐκεῖνος
195 698 372 786 ἀνθρώπων
404 705 528 766 πάντων
561 705 746 786 θαυμάσιος
780 707 837 768 καί
870 704 990 790 πολλήν
1025 706 1080 790 τήν
1113 705 1190 790 πρός
1228 707 1307 770 θεὸν

53 819 205 908 εόσίβειαν
233 822 336 910 ἑαυτῷ
363 822 650 912 ἐπιμαρτυρόμενος
678 823 695 894 ὁ
724 831 901 912 μακαρίτης
928 825 1096 916 Κσμνηνός
1123 837 1183 914 κῦρ
1214 827 1307 896 Κων-

54 959 202 1022 σταντῐνυς
236 946 445 1038 Μαλιασηνός
473 946 490 1016 6
517 947 698 1042 Βρυίννισς,
733 947 817 1014 ἀλλὰ
851 951 965 1035 δεῖγμα
992 953 1069 1036 πρός
1101 961 1165 1024 τοῖς
1195 949 1308 1032 ἀλλοις

54 1079 98 1138 τιό
123 1073 239 1136 θεῑκυό
266 1073 377 1138 τυότσυ
405 1072 522 1158 ἔρωτος
549 1077 606 1141 καί
627 1069 648 1160 ή
672 1070 776 1140 ἐπάνω
799 1083 855 1140 τοῦ
883 1069 975 1158 ὅρους
1002 1073 1225 1160 Δημητριάδυς
1248 1095 1306 1145 σεε·

54 1197 164 1280 βασμία
196 1197 415 1282 πατριαρχική
445 1197 524 1282 μονή
555 1193 766 1282 ἀνεγιρθείσα
800 1198 930 1284 βάθρων
960 1194 1062 1264 αότῶν
1091 1209 1129 1284 τη
1156 1199 1304 1284 δεοτόκιρ

53 1316 344 1406 εγίπικαλοομόνη
372 1318 478 1404 Ὀξείφ
505 1319 688 1406 Ἐπισκίβει
710 1325 767 1386 καί
790 1317 966 1408 ἐπιχωρίως
994 1321 1152 1408 λεγομένη
1179 1319 1306 1408 Μακρι-

53 1447 174 1530 νιιίσση.
204 1439 274 1506 ἀλλΙ
303 1439 342 1532 ήν
366 1447 423 1529 μίν
458 1441 569 1524 ἐκείνῳ
593 1441 772 1510 ταῦτακαὶ
795 1453 850 1510 τοῦ
874 1445 952 1530 πρός
980 1445 1059 1510 θεόν
1083 1443 1199 1530 ἔρωτος
1225 1449 1304 1526 γνιό·

54 1589 149 1652 ρισμα.
186 1564 225 1654 ήν
248 1561 276 1632 δ’
301 1564 364 1652 ἀρα
398 1571 454 1632 καί
477 1566 519 1652 τῷ
541 1565 597 1652 υίῴ
623 1571 823 1652 χειραγωγία
857 1577 912 1632 τοῦ
939 1571 1132 1653 κρείττονος,
1167 1572 1218 1634 ναί
1245 1571 1306 1656 μήν

53 1697 98 1756 καί
119 1693 174 1778 τήν
203 1693 296 1780 φόσιν
320 1689 356 1758 τό
384 1689 582 1780 κατήσχυνε,
618 1693 740 1778 μαλλον
764 1693 800 1757 66
824 1697 880 1757 καί
903 1693 1139 1780 φιλοτιμότερον
1164 1691 1209 1766 εἰς
1232 1695 1307 1760 δίον

9 1881 10 1892 ,
54 1817 140 1902 ταότη
169 1813 350 1902 ἐχρήσατο,
385 1813 427 1890 όις
455 1820 511 1882 καί
533 1817 568 1880 τι)
597 1824 651 1880 τοῦ
675 1813 767 1896 άγίοο
791 1813 982 1896 εὐαγγελίου
1008 1819 1117 1902 χώραν
1146 1815 1232 1904 ἔχειν
1260 1815 1307 1882 εί-

9 1971 10 2006 ;
54 1949 110 2004 τείν
132 1942 190 2004 καί
211 1941 247 2004 τό
271 1939 399 2026 δίνδρον
423 1937 643 2025 ίπίγνωμεν
629 1942 691 2006 απὸ
715 1961 770 2006 τσο
793 1949 927 2024 καρποό.
953 1937 1096 2026 ἐζήλωκε
1120 1941 1176 2026 μίν
1200 1935 1217 2003 ό
1240 1937 1307 2014 υίὸς

9 2069 10 2148 6
55 2061 102 2128 καὶ
127 2061 159 2128 ἐν
188 2061 298 2137 ἀλλοις
321 2064 376 2150 τήν
399 2064 555 2149 πατρικήν
580 2061 708 2150 ἀρετήν,
731 2062 787 2130 καί
812 2061 871 2128 οόκ
896 2061 1113 2150 ἀγανακτήσει
1132 2063 1234 2149 πατήρ
1257 2060 1307 2128 ίπί

9 2133 10 2260 6
54 2187 129 2252 παιδί
157 2187 311 2271 βελτίστῳ
337 2190 394 2252 καί
422 2183 642 2272 ό.περτβάλετο
672 2181 742 2252 ἀλλ’
772 2185 838 2251 υίον
864 2191 921 2252 καί
944 2195 1036 2253 τουτο
1061 2189 1139 2272 πρὸς
1166 2188 1219 2254 τόν
1242 2207 1307 2252 τα-

9 2303 116 2396 τίρα
143 2310 389 2403 διημιλλήσατο.
420 2309 583 2398 ἀνήγειρεν
612 2309 732 2388 ἐκεῖνος
760 2323 799 2399 τῇ
827 2313 1005 2398 θεομήτορι
1028 2313 1104 2378 ναόν
1131 2311 1307 2398 περικαλλή

9 2373 11 2518 6
53 2440 98 2500 καί
129 2431 275 2520 οὐράνιον
308 2437 365 2500 καί
399 2431 485 2520 είπερ
513 2431 545 2500 όν
580 2437 813 2521 χειροποιήτοις
842 2446 929 2510 ναοῖς
956 2444 1118 2500 κατοικεῖν
1154 2432 1222 2498 ἔστι
1251 2438 1309 2502 καί

9 2519 10 2648 6
52 2557 167 2638 λίγειαι
195 2553 330 2636 όδεός,
354 2553 561 2634 ἀπαξιώσειεν
585 2555 623 2621 ἀν
646 2556 776 2644 ταυτηνί
799 2559 854 2646 τήν
877 2561 1067 2646 κατοίκησιν
1097 2557 1307 2626 οόδεπιόποτε.

53 2681 211 2770 ἀνήγειραν
238 2684 296 2746 καί
319 2675 421 2758 οότυι,
449 2676 667 2768 ήδαυμαστή
697 2685 754 2745 καὶ
781 2682 983 2767 τρισευγενής
1012 2683 1155 2760 συζυγία,
1184 2679 1307 2764 6266-

53 2807 128 2890 βρων
157 2802 260 2872 αὐτῶν
289 2803 418 2890 ἀντικρό
446 2804 488 2889 τῷ
518 2813 573 2872 τοῦ
602 2808 704 2892 φωτός
732 2805 837 2891 λόχνιρ
860 2815 899 2891 τη
922 2807 981 2890 πρό
1009 2813 1065 2870 εσό
1097 2803 1196 2883 λόγου
1219 2815 1307 2894 φωνή

10 2921 11 2996 ἶ
54 2928 88 3015 τῷ
116 2929 296 3016 Προδρόμῳ
335 2926 385 2996 ἀτί
419 2933 642 3016 σταυροπηγίῳ
680 2927 899 3014 τατριαρχικῴ
936 2931 1011 2994 ναόν
1049 2925 1194 3014 βρίζοντα
1221 2929 1309 3014 πρὸς

53 3050 160 3119 ίκιίνον
194 3063 263 3128 ταῖς
290 3055 401 3140 χάρισι
434 3057 491 3118 καί
518 3051 563 3126 τίς
594 3054 735 3138 μάνδραν
759 3047 921 3139 ἀφώρισαν
948 3054 1088 3136 θαιίρυυ
1116 3053 1226 3132 γόνους
1252 3059 1308 3136 τῆς

10 3153 11 3237 Ῑ
54 3177 174 3261 γόσεως.
208 3171 313 3264 ἡγὰρ
336 3179 468 3264 πατρῴα
497 3178 596 3261 τούτῳ
632 3175 710 3265 μονή
747 3172 868 3262 ἀνδρῶν
897 3171 1022 3240 ἐστινὸ
1056 3175 1183 3254 λέγεται
1215 3174 1307 3260 μονή,

54 3296 83 3366 τί
104 3303 165 3388 μήν
189 3321 226 3381 γε
251 3305 346 3388 μέχρι
368 3309 479 3366 τοοτοῦ
502 3304 542 3366 τὰ
565 3309 620 3388 τῆς
645 3296 782 3388 λφίστως
805 3299 905 3383 τούτῳ
928 3296 971 3382 τῷ
1001 3299 1175 3384 θαυμασίῳ
1204 3299 1309 3378 ζεύγει

11 3393 12 3396 ¹
55 3421 125 3489 ἀλλὰ
140 3425 390 3510 διαγρηγορυῦσι
412 3428 468 3488 καί
491 3433 555 3496 τοῖς
571 3423 792 3514 παλαιοιίρυις
813 3431 873 3486 τῶν
896 3427 974 3487 νέων
998 3424 1033 3486 τό
1057 3419 1182 3508 ἑδραῖον
1204 3442 1307 3506 προσ-

56 3557 240 3614 ετινοοδνται
273 3552 330 3616 καὶ
364 3557 427 3620 τοῖς
455 3549 649 3634 προσφάτοις
683 3543 740 3610 καί
766 3549 849 3618 νὲοις
883 3547 918 3610 τό
954 3555 1014 3610 τῶν
1049 3541 1147 3610 ὄντων
1182 3543 1307 3630 όδραῖον

56 3675 100 3734 καί
120 3675 243 3752 τάγιυν.
271 3671 364 3736 ἔνθεν
386 3691 434 3736 τοι
457 3674 513 3736 καί
537 3669 772 3764 χρυσόβσυλλυι
793 3669 886 3748 λόγοι
909 3667 1021 3739 σεπτοί
1045 3669 1208 3752 βασιλικοί
1232 3669 1307 3736 τσό-

57 3813 111 3869 τοις
133 3797 341 3870 δεσπόζονται
363 3798 420 3860 καί
444 3793 593 3881 ἕγγραφα
616 3794 779 3880 προβαίνει
804 3793 1023 3878 διατάγματα,
1049 3790 1095 3869 οἷς
1118 3793 1310 3878 τοποόμεναι

12 3963 13 3966 ¹
57 3919 158 4004 βοχαί,
193 3917 245 3994 αίς
268 3919 309 4005 δή
333 3939 411 3990 τισιν
435 3913 452 3984 ὁ
480 3919 603 4003 κόσμος
637 3915 835 4004 ἐσταύρωται
857 3919 914 3982 καί
948 3913 1064 3990 αἵτινες
1099 3923 1310 4000 σταυροῦνται

58 4039 91 4126 τήν
120 4046 231 4130 κόσμῳ
258 4041 327 4128 θεῷ
358 4045 491 4130 ζήσουσι
524 4043 580 4106 καί
607 4051 675 4116 ταῖς
709 4046 885 4127 μακαρίαις
915 4038 1050 4118 ἐλπίσιν,
1086 4033 1156 4102 ἀλλ’
1189 4038 1238 4104 ίπί
1269 4050 1308 4126 τή

59 4169 174 4254 ωιαόιη
203 4167 365 4252 σεβασμίφ
397 4173 614 4252 πατριαρχική
649 4175 731 4250 μονή
765 4173 820 4228 τοῦ
856 4163 1045 4252 Προδρόμου
1079 4174 1118 4249 τῇ
1152 4165 1208 4226 καί
1237 4159 1308 4226 Nea

59 4281 279 4376 ίτικαλυομίνη
315 4287 422 4375 Πέτρα
457 4299 496 4376 τῇ
531 4293 587 4354 καί
622 4286 666 4362 εἰς
701 4291 883 4367 γυναικείαν
922 4287 1064 4373 μάνδραν
1103 4283 1307 4372 ἀφωρισμένη

57 4415 280 4498 γρυσόβοολλον
303 4415 399 4494 λαγόν
427 4415 516 4478 θεῖον
539 4415 595 4478 καὶ
619 4415 732 4478 σεπτὸν
761 4421 815 4478 τοῦ
838 4415 1008 4496 κρατίστου
1030 4413 1086 4474 καί
1109 4411 1309 4496 δεοσττφοίις

58 4529 138 4612 ἁγίου
164 4561 223 4623 μου
259 4533 495 4623 αὐτοκράτορος
524 4535 694 4622 ἐπορίσατο
723 4539 779 4600 καί
807 4529 855 4599 ὑπ’
890 4529 961 4620 ὄψιν
997 4533 1094 4600 ἔθετο
1128 4542 1184 4620 τῆς
1218 4528 1308 4618 ήμῶν

60 4665 246 4750 μετριότητος
274 4665 331 4728 καί
359 4660 535 4750 ἰξητήσατο
572 4661 686 4746 ταύτην
716 4656 907 4734 ἀκολοόθως
942 4659 985 4744 τῷ
1012 4657 1115 4758 σεπτιρ
1141 4659 1196 4722 καί
1227 4658 1307 4744 ἀείρ
