3190 5284
573 461 682 529 xvffl.
700 463 776 531 Sine
792 483 884 544 anno,
901 481 1008 531 mense
1023 463 1110 546 iulio,
1127 463 1191 531 ind.
1209 464 1260 531 xl.

284 609 407 665 Βανάαε
426 607 568 674 Ειόααιο,
584 615 749 685 praesentas
765 613 919 685 Smyrnae.
937 625 964 670 εί
979 611 1107 670 Ioannes
1123 613 1253 669 Galenus
1270 613 1444 670 οάίαάίσαιιτ
1461 631 1587 670 mona-

399 735 485 788 είιτίσ
496 737 700 805 possessionem
717 737 867 799 olivarum,
886 755 960 808 ροσε
976 735 1104 793 Gazam
1119 739 1223 793 τ’πίιιειτ
1237 749 1442 809 usurpaverat.

282 847 825 974 ήἜγγραρονπαλαιόν
854 889 984 963 τάξιν
1015 885 1191 976 ἐπέχων
1220 890 1583 976 σημειώματος

281 1016 422 1097 χάριν
458 1021 540 1074 τῶν
576 1009 761 1089 ἐλαιῶν,
796 1013 845 1086 ἃς
880 1015 1190 1100 καθήρπασεν
1226 1010 1500 1102 δΚαζάνης
1548 1017 1580 1094 †.

370 1175 391 1252 †
412 1169 498 1256 Μηνὶ
524 1169 634 1256 ἰουλίιρ
664 1169 715 1256 ιη’,
739 1167 846 1258 ἡμέρα
868 1176 974 1258 τρίτη,
996 1169 1054 1236 ίνδ.
1081 1169 1134 1252 ια’,
1161 1168 1211 1237 ἐπί
1233 1175 1392 1257 παρουσία
1414 1179 1475 1236 τοῦ
1508 1195 1580 1258 με·

282 1295 596 1379 γαλεπιφανεστιίτου
624 1303 722 1380 κυροδ
751 1293 894 1369 Ἀλεξίου
923 1303 977 1360 τού
999 1291 1259 1380 Κασταμυνίτου,
1294 1303 1349 1358 τού
1378 1296 1578 1380 μεγαλεπι-

282 1421 481 1508 ρανεστάτου
510 1425 608 1503 κυροϋ
643 1415 828 1504 Σωτηρίχσυ
857 1425 912 1482 τού
941 1416 1131 1504 Ἀληδινοδ,
1161 1427 1215 1484 τού
1240 1419 1581 1506 μεγαλεπιφανεστά-

280 1565 336 1608 του
370 1549 467 1628 κυρού
500 1540 637 1628 Μιχαὴλ
669 1550 724 1606 τού
752 1541 932 1620 Καλοειδά,
963 1550 1018 1606 τού
1045 1541 1289 1626 κσυροπαλάτου
1323 1551 1421 1630 κοροῡ
1452 1543 1579 1610 Βασι-

280 1667 367 1730 λείυυ
391 1673 445 1730 τοῦ
471 1665 704 1751 Χρυσοβέργου,
729 1674 784 1730 τού
812 1664 1002 1752 Χρυσοχόου
1026 1675 1123 1751 κυρού
1154 1663 1309 1744 Ἰωάννου,
1334 1675 1388 1732 τού
1411 1665 1575 1756 Κανάκη

279 1799 377 1876 κυροό
411 1789 558 1876 Μιχαὴλ,
595 1798 649 1854 τοῦ
673 1787 913 1876 Κουραπαλάτη
943 1797 1040 1876 κυροό
1067 1786 1217 1870 Λέοντος,
1247 1798 1302 1854 τοό
1324 1787 1577 1858 Βενετικοπού-

276 1913 335 1979 λου
357 1919 417 1979 καί
441 1911 553 1998 ἐτέρων
577 1917 607 1994 †.

367 2036 446 2119 †‘0
471 2047 526 2124 τῆς
551 2037 729 2123 σεβασμίας
754 2045 852 2123 μονῆς
875 2046 932 2123 τῆς
955 2032 1013 2102 ύπό
1038 2036 1093 2122 τήν
1117 2035 1305 2101 δεσποτείαν
1329 2047 1384 2124 τῆς
1408 2041 1576 2128 μεγάλης

279 2160 457 2248 ἐκκλησίας
482 2168 539 2244 τῆς
566 2157 697 2226 ούτωσίν
721 2159 1000 2246 ἐπονομαζομένης
1023 2158 1267 2246 Λεμβιωτίσσης
1291 2163 1573 2248 καθηγούμενος,

281 2288 423 2372 μοναχός
446 2283 609 2362 Λεόντιος,
633 2285 709 2369 πρός
733 2281 819 2371 ἡμᾶς
844 2282 1036 2374 ἀφικόμενος
1058 2283 1169 2362 ἔλεγεν
1192 2281 1378 2350 ἀδικεῖσθαι
1405 2287 1463 2372 τήν
1497 2311 1573 2372 μο-

277 2410 333 2496 νήν
371 2412 457 2493 παρὰ
497 2419 552 2473 τοῦ
580 2407 612 2472 ἐν
641 2419 679 2495 τῆ
706 2406 856 2492 Μανταία
890 2410 946 2480 τὰς
985 2405 1127 2495 οἰκήσεις
1161 2411 1350 2494 ποιουμένου
1384 2407 1573 2477 Νικολάου

278 2543 334 2598 τού
360 2531 496 2619 Καίάνῆ
531 2531 582 2597 ἐπί
609 2555 671 2596 τισι
701 2531 842 2616 δένδροις
871 2529 1025 2608 ἐλαίκοῖς,
1054 2535 1110 2596 καί
1139 2540 1239 2596 ταῦτα
1267 2542 1305 2618 τῆ
1330 2543 1411 2619 μονῆ
1435 2533 1571 2623 διαφέ-

278 2679 386 2743 ροντα,
414 2651 487 2742 παρ’
518 2649 599 2743 αύιῆ
627 2659 808 2742 κατέχοντα
842 2678 876 2718 τε
903 2658 959 2718 καί
987 2659 1137 2740 νέμοντα,
1166 2655 1221 2720 σύν
1251 2652 1300 2720 ἐπί
1324 2658 1448 2730 τούτοις
1474 2654 1569 2724 ὀπέ-

277 2782 376 2856 δειξεν
414 2776 487 2866 ἡμῖν
521 2785 578 2844 καί
607 2801 675 2845 τινα
711 2775 922 2864 ύπομνήματα
960 2777 1033 2864 παρ’
1067 2774 1164 2844 αὐτού
1200 2781 1355 2858 γεγονότα
1388 2783 1470 2866 πρός
1500 2787 1568 2848 τὸν

277 2903 454 2985 ἁγιώτατον
482 2905 640 2991 δεσπότην
664 2907 717 2968 τόν
741 2902 964 2988 οὶκουμενικόν
986 2905 1198 2989 πατριάρχην,
1223 2903 1394 2988 δηλοῦντα,
1418 2901 1462 2978 ὣς
1497 2907 1567 2972 ἔκ-

275 3031 376 3096 παλαι
400 3041 459 3094 τιίιν
483 3033 616 3116 χρόνων,
640 3027 766 3092 πολλῶν
790 3029 847 3111 μέν
875 3030 932 3090 καί
956 3024 1060 3090 ἀλλων
1084 3022 1126 3088 ὧν
1150 3022 1170 3113 ή
1196 3021 1336 3113 ῥηδεῐσα
1365 3029 1445 3115 μονή
1477 3026 1567 3096 ἀτη.

276 3157 376 3241 νήτων
409 3151 563 3238 ἐκέκτητο
591 3153 650 3236 πρό
679 3159 735 3236 τῆς
764 3161 823 3216 τῶν
850 3147 958 3214 ἀθέων
979 3147 1163 3236 Ἀγαρηνιῖιν
1193 3148 1376 3238 ἐπιδρομῆς,
1401 3151 1470 3238 εἶχε
1494 3160 1566 3220 καί

276 3297 346 3342 τινα
380 3278 495 3362 δένδρα
530 3277 647 3342 έλαῑκὰ
683 3278 777 3360 μέχρι
805 3283 864 3336 τῶν
900 3276 1073 3358 τριάκοντα
1107 3276 1163 3336 καί
1192 3270 1282 3338 ἐννέα
1311 3277 1364 3338 τόν
1396 3273 1561 3362 ἀριθμόν,

277 3399 348 3466 ἀλλ’
376 3400 443 3468 ἐπεί
469 3405 526 3466 καὶ
555 3396 634 3486 αὕτη
658 3396 809 3486 ἠρήμωτο
832 3402 889 3462 καί
912 3398 1038 3472 τελείως
1062 3398 1179 3483 σχεδόν
1202 3393 1371 3484 ήιροίνιστο,
1397 3397 1485 3471 είκός
1513 3401 1561 3490 ήν

275 3529 332 3590 καί
355 3529 395 3590 τά
418 3520 467 3590 ύπ“
492 3520 588 3618 αύτήν
607 3521 824 3612 ἀφανισθῆναι
847 3525 903 3586 καί
927 3533 989 3596 τοῖς
1006 3520 1212 3604 βουλομένοις
1237 3523 1391 3599 γενέσθαι
1413 3526 1561 3610 καθάρ-

274 3669 400 3734 παγμα,
431 3647 448 3712 δ
476 3652 533 3711 καὶ
561 3645 611 3711 ἐπί
639 3657 701 3719 τοῖς
730 3645 906 3732 εἰρημένοις
935 3645 1075 3730 δένδροις
1099 3648 1220 3723 γέγονε·
1251 3649 1295 3719 τίς
1319 3643 1467 3731 γὰράπὸ
1492 3659 1560 3736 τῆς

273 3770 451 3850 Μανταίας,
475 3771 628 3858 Καζάνης
651 3771 762 3834 τούτου
787 3770 821 3832 τό
847 3766 1018 3853 ἐπώνυμον,
1043 3763 1085 3831 ὢν
1112 3771 1168 3832 καί
1197 3763 1292 3842 αὐτός
1321 3763 1379 3834 ύπό
1407 3771 1463 3856 τήν
1492 3771 1559 3836 δε-

275 3901 423 3962 σποτείαν
451 3905 506 3982 τῆς
534 3904 589 3960 τού
619 3896 698 3958 θεοῦ
728 3893 871 3979 μεγάλης
899 3888 1092 3977 ἐκκλησίας,
1121 3889 1242 3978 ἀπόρου
1278 3888 1368 3967 ὄντος
1396 3891 1453 3957 καί
1483 3899 1558 3984 μή-

274 4043 357 4094 τινος
391 4021 546 4086 δεσπότου
581 4009 783 4107 φαινομένου,
813 4013 862 4080 ἐπί
898 4015 998 4098 τούτῳ
1022 4018 1245 4101 κατεκράτησε
1279 4019 1335 4080 καί
1370 4019 1463 4103 μέχρι
1492 4029 1558 4084 τοῦ

274 4154 325 4210 νυν
354 4145 501 4218 δεσπόζει
528 4147 585 4208 καί
613 4137 751 4227 νέμεται·
782 4135 858 4204 όδεν
888 4143 944 4202 καί
967 4137 1158 4224 δεσποτικῆς
1181 4149 1413 4227 πατριαρχικῆς
1436 4139 1557 4207 ἐπιλύ-

274 4291 354 4342 σεως
382 4268 507 4354 ἐτυχον,
535 4267 756 4352 διοριζομὲνης
784 4266 854 4347 περὶ
878 4263 989 4326 τούτου
1012 4261 1176 4347 διαιτῆσαι
1197 4266 1253 4326 καί
1277 4259 1557 4350 ἀποκαταστῆσαι

272 4393 327 4479 τήν
357 4393 455 4478 μονήν
490 4390 700 4462 ἀδιαστίκτως
729 4385 778 4452 ἐπί
805 4396 843 4472 τῆ
872 4385 1042 4468 δεσποτεία
1076 4389 1133 4449 καί
1160 4397 1289 4474 κατοχῆ
1318 4397 1378 4452 τῶν
1407 4384 1556 4456 ἐλαῖκιδν

273 4517 419 4604 δένδρων,
444 4519 497 4580 τόν
521 4539 553 4580 τε
576 4515 809 4600 πανιεροίτατον
834 4509 1067 4596 μητροπολίτην
1091 4507 1234 4596 Σμύρνης
1258 4519 1317 4596 κύρ
1341 4509 1557 4579 Κωνσταντῐ-

272 4663 325 4706 νυν
353 4643 408 4705 καί
438 4642 489 4702 τόν
519 4637 550 4704 ἐν
574 4649 638 4710 τοῖς
662 4638 803 4722 κτήμασι
827 4644 882 4720 τῆς
908 4633 1051 4720 μεγάλης
1079 4629 1256 4718 ἐκκλησίας
1284 4632 1327 4722 τήν
1354 4637 1424 4701 τότε
1454 4633 1556 4724 ἐνερ-
