3238 5282
284 251 348 314 392

282 445 427 528 θήσεται.
463 443 519 506 καὶ
554 445 613 528 γάρ
646 443 753 528 ἐπειδὴ
790 442 828 506 ἐκ
862 447 942 508 θεού
978 413 1194 530 όδηγηθένττς
1227 447 1485 530 προεθυμήθητε
1528 443 1562 507 οἱ

284 565 562 651 ἀναγεγραμμένοι
588 570 872 644 πανευγενέστατσι
900 563 1052 652 όμόζυγοι
1076 565 1112 631 ἐκ
1142 569 1272 654 βάθρων
1297 565 1398 633 αύτῶν
1428 566 1564 646 ἀνεγεῖ-

284 713 337 775 ραι
364 687 396 753 ἐν
425 689 467 776 τῴ
493 693 611 774 θέματι
645 667 700 755 τού
729 695 846 776 χωρίου
873 685 962 778 ἡμῶν
991 693 1046 778 τῆς
1074 692 1338 778 Δρυανουβαίνης,
1375 694 1565 774 τοποθεσία

145 895 147 900 ,
284 813 320 878 δέ
348 822 403 877 τού
430 809 652 900 Ἀρχυντίτζη
677 820 859 893 γυναικείαν
887 815 1119 902 πατριαρχικήν
1143 816 1240 902 μονὴν
1264 809 1310 880 ἐπ’
1340 813 1474 902 δνύματι
1502 825 1563 878 τοῦ

285 941 387 1022 τιμίου
416 935 613 1012 Πανενδόίου
640 940 801 1024 προφήτου
830 935 1019 1024 Πρυδρόμου
1043 947 1097 1026 της
1121 937 1209 1012 Νέας
1233 939 1371 1024 Πάτρας,
1400 935 1472 1024 ἥτις
1500 939 1560 1002 σύν

283 1057 351 1146 θεῷ
379 1057 489 1146 μέλλει
524 1063 679 1138 γενίσθαι
706 1059 762 1124 καί
789 1062 915 1126 πολλῶν
944 1067 1053 1148 ψυχῶν
1080 1065 1330 1149 ρρυντιστίριον,
1365 1059 1561 1149 ἠθελήσατε

284 1183 320 1248 δέ
345 1182 571 1270 ἐξωνήσασθαι
593 1186 648 1248 καί
675 1184 729 1270 την
757 1181 835 1270 ὅλην
864 1191 975 1250 στάσιν
1004 1194 1059 1252 τοῦ
1087 1185 1295 1272 ’λρχυντίτίη
1322 1185 1475 1272 Μιχαὴλ,
1504 1188 1562 1270 τὴν

282 1311 342 1392 πρό
369 1309 496 1372 πολλῶν
523 1305 588 1394 ἤδη
616 1306 765 1372 ἐνιαυτῶν
787 1307 859 1394 παρ’
884 1305 982 1376 αύτυῶ
1006 1315 1181 1397 νεμομίνην
1205 1311 1292 1394 λόγῳ
1319 1320 1375 1396 της
1402 1312 1562 1394 τοιαύτης

284 1440 383 1516 μοι-ης
411 1435 490 1514 μετὰ
517 1433 640 1498 πάντων
669 1437 726 1496 καί
752 1435 907 1498 παντοίων
942 1443 1002 1498 τῶν
1030 1430 1174 1520 ἀρχαίων
1200 1437 1257 1498 καί
1284 1435 1415 1498 δικαίων
1437 1453 1561 1518 προνο-

286 1559 364 1640 μίαν
391 1549 502 1642 αύτης,
531 1555 625 1620 καθὰ
647 1559 704 1620 καί
734 1553 767 1620 ἐν
789 1555 833 1642 τῷ
854 1562 1017 1642 τρατηρίῳ
1040 1555 1191 1646 ἐγγράφῳ
1215 1556 1257 1642 τερ
1282 1560 1370 1642 παρὰ
1393 1566 1447 1622 τού
1474 1553 1558 1642 Ἀρ-

286 1683 435 1765 χοντίτζη
462 1677 595 1764 Μιχαὴλ
621 1683 769 1760 γεγονότι
797 1679 991 1768 σαφέστερον
1020 1682 1205 1768 δηλοῦνται,
1238 1685 1426 1768 πρυσίκειτο
1455 1682 1496 1745 δὲ
1522 1693 1561 1766 τη

288 1801 475 1890 δηλωθείση
505 1806 616 1868 στάσει
645 1803 772 1890 ἐτησιον
799 1805 889 1878 τίλος
917 1810 1099 1891 νομίσματα
1126 1801 1284 1892 ύπέρττυρα
1313 1805 1369 1870 δύο
1392 1809 1449 1870 καί
1474 1825 1560 1869 κοιτ-

289 1929 346 1992 κία
374 1923 458 1990 όκτῶ
487 1929 542 1992 καί
578 1925 646 1992 ἐπεί
674 1927 807 2014 ἔμελλεν
829 1923 855 2014 ἡ
884 1930 1013 2016 τοιαύτη
1043 1925 1154 1994 ἅπασα
1189 1933 1301 2004 στάσις
1337 1929 1561 2018 άφιερωθηναι

289 2049 333 2136 τῷ
357 2049 425 2136 θεῷ
448 2055 522 2138 παρ’
549 2047 634 2136 ύμῶν
663 2061 723 2116 τῶν
749 2055 1043 2132 πανευγενεστάτων
1072 2049 1235 2140 ἐμυίύγων
1269 2058 1326 2117 καὶ
1353 2053 1485 2132 εἰδότες,
1516 2049 1559 2123 ὡς

289 2177 324 2240 τύ
360 2169 444 2250 ἅπαξ
480 2171 658 2262 ἀφιερωθέν
692 2175 735 2261 τῷ
768 2173 839 2260 θεηῖ
865 2171 902 2242 υό
937 2175 1122 2250 δυολυύται,
1152 2171 1260 2242 ίνεκεν
1289 2178 1400 2242 τούτου
1435 2175 1558 2261 διεκρί-

290 2303 394 2385 θημεν
433 2302 489 2362 καί
526 2294 617 2385 ἡμεῖς
650 2302 765 2372 πάντες
803 2291 833 2366 οἱ
871 2299 1148 2386 ἀναγεγραμμένυι
1190 2300 1314 2366 ἐποικοι
1351 2308 1406 2385 τῆς
1452 2301 1557 2386 Δρυο-

291 2423 480 2508 νουβαίιης,
520 2417 562 2496 ύς
605 2425 641 2487 τό
689 2421 884 2509 ἐπικείμενον
925 2435 965 2510 τῇ
1012 2424 1230 2511 διαληφθείση
1274 2429 1384 2489 στάσει
1432 2423 1558 2510 ἐτήσιον

292 2547 396 2622 τέλος,
427 2545 581 2632 δηλονότι
615 2549 653 2610 τά
692 2547 749 2610 δύο
787 2549 888 2632 τρίτον
923 2543 1082 2634 ύπέρπυρα
1122 2547 1164 2633 μη
1205 2545 1385 2614 ἐπικεῖσθαι
1424 2549 1482 2612 καί
1522 2557 1558 2630 τη

293 2679 384 2757 μόνη,
421 2668 505 2734 ἀλλά
540 2670 636 2757 ἀτελη
672 2673 773 2757 πάντη
802 2675 858 2736 καί
888 2669 1154 2736 ἀκαταδοόλωτον
1190 2671 1408 2746 δεσπόίεσθαί
1438 2693 1471 2736 τε
1505 2675 1559 2735 καί

292 2797 449 2880 νίμτσθαι
475 2799 562 2880 παρά
591 2801 647 2881 τῆς
677 2803 781 2891 μονῆς
812 2797 866 2880 την
890 2797 1037 2881 τοιαύτην
1066 2793 1192 2860 ἅπασαν
1217 2797 1336 2860 στάσιν·
1366 2800 1460 2860 τοῦτο
1486 2803 1558 2873 γοῦν

292 2915 374 2984 υύτω
396 2927 529 3005 ποιῆσαι
551 2915 777 3004 διανοηθέντες
801 2921 857 2984 καί
881 2917 1046 3008 ἐγγράφως
1065 2921 1120 3006 την
1143 2923 1291 3006 τοιαύτην
1314 2915 1403 3004 ἡμῶν
1428 2916 1556 3002 ἀγαθὴν

294 3044 409 3130 βουλην
437 3043 713 3129 προεθομηθημεν
741 3039 907 3107 ἐκτελέσαι
935 3047 991 3106 καὶ
1016 3041 1087 3108 ἐδυύ
1110 3043 1164 3108 διὰ
1188 3051 1243 3130 τῆς
1270 3045 1435 3128 παρούσης
1464 3039 1555 3106 ἐκου-

292 3173 363 3233 σίυυ
389 3170 454 3240 καίΙ
473 3161 717 3252 άμεταριελήτυυ
745 3168 964 3253 καταθετικῆς
989 3161 1078 3253 ἡμῶν
1108 3176 1231 3254 γραφῆς
1259 3165 1493 3252 ἀναδεχόμεθα
1523 3167 1555 3227 τό

293 3292 442 3378 δηλωθέν
470 3288 596 3376 ἐτήσιον
623 3290 713 3363 τέλος
735 3293 792 3354 καί
814 3291 1058 3375 προστιθέμτθα
1087 3299 1179 3356 τούτο
1203 3301 1267 3363 τοῖς
1293 3287 1461 3376 ἡμετέροις
1484 3289 1555 3373 ἐτη·

294 3421 373 3488 σίυις
398 3411 613 3500 ἀκροστίχυις,
638 3410 681 3488 ύις
704 3417 759 3478 καί
782 3419 875 3478 τούτο
899 3413 1063 3479 τελεῖσθαι
1077 3417 1150 3500 παρ’
1173 3411 1262 3502 ἡμῶν
1286 3413 1453 3494 ἀναλόγως
1476 3415 1555 3476 κατά

296 3541 351 3625 την
378 3537 517 3602 ίκάστου
549 3535 644 3624 ἰσχύν
672 3537 807 3624 κοίτην
836 3539 934 3624 μόνην
959 3537 1172 3625 ἀνενόχλητον
1199 3539 1424 3625 διατηρεῖσθαι
1452 3535 1555 3604 ἕνεκεν

296 3671 352 3746 της
378 3661 499 3734 δόσεως
526 3668 582 3725 τού
618 3658 746 3747 ἐτησίυυ
774 3661 884 3734 τέλους
916 3663 972 3726 καί
1000 3663 1131 3746 βάρους,
1166 3660 1264 3750 ἤγουν
1292 3673 1352 3726 τῶν
1376 3663 1432 3727 δύο
1457 3665 1553 3746 τρίτον

297 3784 475 3872 ύπερπύρεεν
502 3787 537 3850 τό
573 3787 630 3870 μίν
653 3787 749 3872 χάριν
783 3791 923 3872 φυχικης
956 3791 1114 3874 σωτηρίας
1146 3783 1246 3873 ἡμῶν,
1282 3790 1318 3852 τό
1352 3786 1388 3850 δέ
1413 3786 1470 3850 διά
1504 3785 1553 3867 την

296 3913 382 3976 κατὰ
408 3911 486 3975 θεόν
522 3907 659 3995 ἀγάπην,
693 3905 788 3996 spele
816 3907 894 3995 ὅλης
928 3919 984 3997 της
1010 3915 1115 3997 ψυχῆς
1147 3907 1235 3998 ἡμῶν
1257 3913 1449 3996 κεκτήμεθα
1483 3910 1553 3992 πρός

298 4031 381 4122 ύμάς
406 4035 481 4106 τούς
502 4035 809 4113 πανευγενεστάτους
831 4031 1009 4118 όμοζόγσυς
1030 4029 1107 4121 ύπέρ
1134 4043 1190 4124 της
1213 4041 1305 4121 τιμης
1328 4033 1385 4098 καί
1407 4033 1552 4116 κυβερνη-

299 4177 379 4232 σεως
406 4161 463 4223 καί
490 4153 690 4244 εὐεργεσίας,
725 4156 763 4244 ἣν
784 4155 866 4223 καθ’
889 4156 1029 4245 ἑκάστην
1057 4158 1177 4246 ἐχυμεν
1200 4153 1364 4247 ἂρ”ύμῶν
1386 4156 1443 4223 καί
1466 4153 1551 4222 ούδέ-

297 4301 373 4347 ποτε
401 4291 461 4346 τῶν
489 4289 609 4368 καιρῶν,
634 4279 655 4370 η
682 4293 744 4347 τῶν
772 4286 893 4370 χρόνων
912 4279 941 4370 ἢ
968 4277 1060 4370 ἡμεῖς
1085 4278 1177 4348 αότοί
1201 4279 1224 4369 ἤ
1247 4305 1293 4366 τις
1321 4291 1381 4346 τῶν
1408 4283 1552 4348 παντοίων

298 4409 506 4494 κληρονόμων
533 4410 592 4471 καί
616 4405 822 4492 διακατόχων
849 4401 938 4492 ημῶν
966 4406 1154 4493 τολμήσειεν
1183 4405 1304 4473 ἀπιδεῖν
1327 4405 1372 4480 είς
1403 4405 1552 4490 ἀναίρεσιν

300 4537 355 4596 τού
389 4533 542 4615 παρόντος
568 4531 787 4595 καταθετικού
822 4527 982 4619 ἐγγράφου
1008 4526 1098 4618 ἡμῶν
1127 4541 1264 4617 μερικῶς
1291 4529 1311 4618 ἢ
1340 4531 1499 4600 καθόλου,
1531 4537 1553 4589 εῑ

302 4655 344 4740 μη
369 4653 519 4735 βούλεται
536 4656 592 4726 τάς
616 4651 695 4738 ἀρὰς
719 4651 961 4719 ἐπισπάσασθαι
985 4663 1045 4719 τῶν
1068 4661 1258 4740 τριακοσίων
1281 4655 1448 4721 δεκαοκτὼ
1466 4651 1550 4730 ἁγίων
