3140 5284
313 235 373 298 176

308 427 479 511 λεγόμενον
503 435 559 514 τῆς
586 425 705 508 Ἃγίας,
735 429 770 492 τό
798 431 853 492 καί
880 429 1012 514 πλησίον
1037 435 1169 513 ταύτης
1197 427 1343 512 τοιαύτης
1367 431 1463 510 μονῆς
1486 427 1558 509 κτη-

308 572 406 636 ματος
423 559 477 616 τυῦ
494 549 717 637 έπιλεγομένυυ
742 550 899 628 Παλάτια,
923 555 1009 616 κατὰ
1024 553 1078 618 τόν
1102 551 1233 638 όρισμόν
1255 559 1311 638 τῆς
1332 557 1487 634 κραταιᾶς
1508 549 1558 612 καί

306 672 401 754 ἁγίας
431 671 529 761 αὐτῆς
558 675 723 758 βασιλείας
744 677 960 762 παραδέδωκα
987 685 1079 741 τοῦτο
1106 677 1184 760 πρός
1212 675 1267 761 την
1294 675 1442 759 τοιαύτην
1469 672 1557 752 σεβα-

306 801 400 883 σμίαν
425 797 592 882 βασιλικὴν
616 798 723 884 μονὴν,
748 794 824 884 ὅπερ
847 802 903 864 καί
924 798 995 886 ἔχει
1018 793 1127 872 υότυς·
1151 796 1286 884 όίρχτται
1302 794 1363 862 άπύ
1387 803 1443 860 τοῦ
1467 813 1555 880 μονο-

303 925 415 986 πατίυυ
437 929 493 986 τοῦ
517 917 737 1007 όπερχομένυυ
760 919 822 986 ἀπό
845 931 906 986 τῶν
929 921 1098 988 Παλατίιυν
1119 925 1177 986 καί
1199 919 1369 1006 ἀνέρχεται
1391 919 1446 1005 τὴν
1471 911 1555 1002 βάχιν

302 1051 358 1109 τοῦ
388 1038 506 1129 ῥύακος
533 1051 588 1108 τοῦ
616 1043 786 1130 Βρυχαντά
815 1045 937 1131 βόρειον
961 1049 1070 1132 μέρος,
1099 1042 1131 1110 έν
1156 1041 1181 1132 ᾧ
1204 1045 1260 1108 καί
1285 1047 1398 1128 πέτραι
1425 1039 1556 1126 μεγάλαι

302 1169 359 1233 δύο
381 1165 527 1234 ἵστανται
547 1171 635 1234 κατὰ
657 1169 692 1232 τό
716 1169 839 1254 βόρειον
860 1172 956 1256 μέρος
978 1170 1113 1256 πλησίον
1132 1177 1188 1235 τοῦ
1210 1167 1336 1233 λάκκου
1356 1173 1412 1231 τοῦ
1434 1163 1555 1229 θαλασ-

304 1299 417 1377 σηνυῦ,
445 1291 533 1366 δεξιὰ
560 1293 595 1357 τό
629 1293 899 1378 περιοριζόμενον,
932 1302 1070 1378 κρατοῦν
1103 1294 1140 1358 τό
1168 1289 1245 1360 αύτό
1276 1292 1478 1377 μονυιτάτιον,
1506 1287 1556 1351 καί

303 1411 477 1499 ἀπέρχεται
499 1414 554 1500 την
578 1414 833 1502 ρακιυλιομένην
854 1411 980 1501 πέτραν,
1000 1411 1109 1502 ἥντινα
1130 1420 1188 1484 καί
1210 1416 1330 1503 στηλην
1353 1413 1463 1488 ἔταξεν
1485 1409 1557 1474 εἶναι

225 1557 229 1574 ·
303 1537 419 1623 ταύτην
443 1533 459 1602 ό
482 1535 683 1624 Καρυανίτης
706 1535 840 1617 ἐκεῖνος,
865 1535 899 1604 έν
923 1535 949 1627 ᾧ
970 1541 1141 1613 καί·ύέσις
1165 1541 1278 1624 βουνοῦ
1302 1541 1485 1602 συνίσταται
1506 1533 1553 1597 δε-

301 1661 352 1736 ξιὰ
375 1659 451 1746 έχυν
480 1659 584 1725 έπάνω
611 1661 723 1726 τούτου
750 1659 973 1742 άλανυτόπιυν,
1008 1667 1065 1728 καί
1090 1662 1233 1748 καταντᾷ
1264 1659 1309 1736 τίς
1334 1662 1390 1748 τὴν
1420 1658 1553 1745 μεγάλην

300 1785 416 1868 πέτραν
439 1783 495 1870 τήν
521 1787 578 1848 καί
602 1784 745 1859 ῦιξιόύεν
774 1781 953 1872 ἱσταμένην,
987 1789 1044 1850 καί
1072 1783 1259 1872 ἀκουμβίίιι
1288 1789 1382 1871 μέχρι
1414 1785 1472 1847 καί
1503 1789 1553 1866 τῆς

301 1909 438 1993 βρύστας
460 1916 516 1994 τῆς
540 1907 767 1994 διαλεγομένης
789 1917 845 1975 τοῦ
867 1907 983 1995 Κυκκῆ
1006 1912 1063 1973 καί
1085 1917 1140 1974 τοῦ
1169 1910 1282 1993 βουνοῦ
1305 1916 1361 1972 τοῦ
1384 1907 1553 1991 λεγομένου

300 2030 496 2116 Φλαμούλυυ
530 2040 666 2119 κρατοῦν
705 2032 761 2118 την
800 2027 893 2120 ῥάχιν
932 2043 987 2100 τοῦ
1021 2033 1164 2100 τοιούτου
1197 2035 1310 2117 βουνοῦ
1346 2029 1553 2116 μεσημβρινὸν

299 2159 394 2240 μέρος
421 2156 509 2231 δεξιά
537 2157 574 2220 τό
607 2158 872 2243 περιοριζόμενον,
906 2160 963 2222 καί
994 2157 1140 2244 καταντᾷ
1174 2154 1219 2230 τίς
1254 2157 1307 2220 τόν
1333 2151 1478 2240 περίυρυν
1504 2159 1553 2238 τῆς

298 2275 410 2358 Ἁγίας
431 2275 569 2366 Ἑλένης,
594 2275 627 2344 έν
647 2277 672 2369 ᾧ
694 2283 750 2346 καί
773 2277 926 2366 τέσσαρες
948 2281 1039 2366 δρύες
1060 2291 1174 2367 παχεῖς
1194 2281 1323 2367 πλήρεις
1347 2283 1550 2354 συνίστανται,

298 2405 354 2466 καί
381 2405 574 2488 κατέρχεται
595 2406 681 2470 κατὰ
708 2407 797 2468 νότον
824 2407 880 2468 καί
907 2399 1093 2489 ἀκουμβίίτι
1120 2401 1165 2477 τίς
1191 2405 1247 2490 την
1276 2402 1444 2488 βασιλικὴν
1472 2399 1549 2476 ύύύν,

298 2533 434 2611 κρατοῦν
456 2526 512 2613 τὴν
534 2521 630 2614 αύτην
654 2523 729 2592 όόόν
751 2529 909 2614 θράσιιιον
936 2531 1041 2613 μέρος,
1064 2531 1121 2592 καί
1145 2525 1317 2614 ἀπέρχεται
1339 2528 1394 2614 την
1410 2527 1551 2610 τοιαύτην

297 2645 370 2713 όδόν
394 2653 450 2714 καί
473 2647 660 2736 όικυυμβίζει
683 2647 727 2724 εἰς
749 2651 785 2716 τό
814 2655 1003 2736 μονοπάτιυν
1028 2663 1087 2716 τῶν
1111 2650 1291 2732 Παλατίιον,
1317 2649 1400 2716 ἔνθα
1423 2653 1480 2716 καὶ
1501 2650 1550 2735 τὴν

297 2770 400 2859 ἀρχὴν
415 2776 642 2860 πεποιήκαμεν.
667 2777 723 2839 καί
738 2773 859 2862 όρείλει
880 2779 1029 2861 κατέχειν
1046 2777 1081 2840 τό
1104 2783 1246 2840 τοιοῦτον
1261 2777 1369 2839 τόπιυν
1391 2770 1549 2864 ἡτοιαύτη

296 2897 455 2983 σεβασμία
484 2898 563 2983 μονὴ
590 2900 647 2962 καί
674 2901 802 2983 νέμεται
830 2895 1050 2984 ἀνενοχλητιυς
1072 2901 1128 2963 καί
1151 2895 1373 2974 όδιασείστυς,
1402 2900 1446 2986 μη
1469 2901 1548 2982 παρά

294 3038 376 3093 τινος
404 3019 527 3106 ἔχουσα
554 3022 607 3086 τόν
635 3023 773 3106 τυχόντα
796 3005 999 3107 έμποδισμόν,
1028 3025 1107 3109 μήτε
1128 3025 1217 3107 παρὰ
1240 3031 1295 3088 τοῦ
1318 3023 1548 3108 διενιργυῦντυς

291 3145 326 3207 τό
356 3147 449 3228 μέρος
479 3153 534 3230 τῆς
561 3153 716 3232 κραταιᾶς
739 3146 794 3208 καί
817 3139 911 3222 ἁγίας
933 3141 1022 3231 ἡμῶν
1045 3151 1158 3231 κυρίας
1180 3143 1237 3212 καὶ
1260 3147 1445 3234 δεσποίνης,
1474 3149 1546 3232 μήτε

290 3264 361 3352 παρ’
390 3265 497 3354 ἑτέρου
526 3271 617 3341 τινός.
646 3271 700 3334 διὰ
736 3272 796 3356 γὰρ
823 3279 915 3336 τοῦτο
950 3269 1094 3349 ἐγεγόνει
1126 3273 1182 3336 καί
1209 3271 1244 3334 τύ
1270 3270 1370 3356 παρόν
1400 3265 1546 3358 ἡμέτερον

289 3391 503 3475 παραδοτικύν
537 3394 670 3478 γράμμα
703 3397 760 3458 καί
793 3391 935 3479 ἐπεδόθη
969 3395 1046 3478 πρός
1080 3395 1135 3480 τήν
1171 3395 1347 3480 σεβασμίαν
1384 3393 1545 3478 βασιλικὴν

289 3513 387 3599 μυνην
415 3522 470 3600 τῆς
498 3510 672 3600 ὑπεράγνου
701 3537 760 3602 μου
788 3518 988 3602 ύεομητυρυς
1017 3525 1072 3602 τῆς
1098 3515 1342 3605 Λεμβιυτίσοης
1371 3515 1417 3592 τίς
1446 3515 1544 3604 ἀτρά-

290 3638 390 3706 λεισιν.
415 3640 820 3727 μηνίμαρτίῳίνδ.
845 3639 895 3722 ιγ’
917 3645 946 3722 †.

375 3759 459 3843 †‘0
486 3765 656 3838 δοῦλος
690 3774 769 3852 τῆς
796 3775 1029 3850 κραταιᾶς
1056 3769 1135 3830 καί
1163 3762 1303 3844 άγίας
1329 3760 1453 3852 ἡμῶν
1480 3784 1543 3827 κυ-

287 3889 778 3974 ρίαςκαίῦεσποίνης,
802 3885 1287 3976 ’1υάννηςόΚόμηςῒ.

598 4099 630 4167 0.
647 4099 723 4166 Sine
739 4119 829 4170 anno,
848 4095 954 4166 ιυουιυ
971 4099 1098 4182 octobri,
1115 4094 1179 4166 ind.
1197 4101 1233 4167 X.

420 4230 547 4286 Μίολοὲί
561 4229 684 4286 Βιοοατ
701 4229 856 4288 commus
871 4235 1042 4288 νιοποετειέυ
1058 4233 1149 4290 tradit
1163 4233 1255 4289 ίυτιιιιι
1266 4232 1409 4305 nagnam.

367 4347 595 4468 †‘'Etepo'v
620 4383 944 4468 παραῦυτικόν
973 4387 1110 4470 χάριν
1146 4395 1221 4450 τού
1249 4387 1557 4472 xpm-‘pays

283 4509 420 4588 μένου
445 4512 607 4570 τοπίυυ
630 4515 707 4592 τῆς
730 4503 886 4584 Ἃγίας
909 4510 1102 4586 γεγονός
1125 4511 1245 4594 παρὰ
1269 4517 1345 4575 τοῦ
1370 4509 1535 4595 Κορνη-

283 4638 358 4692 νοῦ
382 4639 523 4711 κυρυῦ
547 4627 734 4716 Μιχαὴλ
757 4639 833 4694 τοῦ
856 4628 1008 4715 Βρανά
1031 4635 1061 4710 †.
