3238 5282
1312 266 1375 330 423

105 465 159 542 τῆς
192 453 366 544 ὐπεραχίας
390 461 551 524 θεοτόκου
575 453 719 544 τήντοῖς
745 458 929 545 ἀρχιερεῦσι
959 461 1085 544 συνήθη
1110 459 1287 545 ἀναφορὰν,
1312 456 1376 543 οὐχ

101 579 166 656 ἕξει
191 580 227 646 δέ
251 605 298 655 τις
321 581 369 646 ἐπ’
394 579 507 654 ἀδείας
529 579 549 669 ἦ
575 580 743 668 ἀρχιερτύς
768 579 785 646 θ
809 586 894 646 κατὰ
915 583 1048 666 καιρούς
1071 580 1090 669 ἢ
1115 580 1224 666 έτερός
1248 605 1294 654 τις
1319 590 1374 646 τοῦ

102 709 220 790 μέρους
248 714 305 792 τῆς
340 705 515 790 ἐπισκοπῆς
543 705 768 792 Δημητριάδυς
797 705 948 790 ἐκστῆναι
979 707 1033 791 τὴν
1064 707 1162 792 μονὴν
1198 713 1254 768 τοῦ
1284 704 1373 789 Προ-

101 829 223 914 δρόμου
253 827 315 894 ἀπό
344 839 400 915 τῆς
423 839 522 914 νομῆς
545 833 601 893 καί
624 833 771 914 χρήσεως
795 837 852 914 τῆς
879 838 978 916 μόνης
1006 837 1061 892 τοῦ
1090 827 1374 914 Ἡσυχαστηρεέου,

100 951 130 1015 εἰ
155 953 199 1038 μη
225 955 377 1042 βσύλεται
400 951 645 1018 ἐπισπάσασθαι
668 957 725 1027 τὰς
743 951 823 1036 ἀρὰς
849 962 909 1015 τιῖιν
932 956 1123 1038 τριακοσίων
1148 949 1374 1016 ὐκτωκαίδεκα

18 1089 19 1172 χ
101 1073 202 1154 ἁγίων
229 1080 396 1165 θευρύρων
429 1083 573 1162 πατέρων
601 1087 661 1141 τῶν
692 1075 724 1140 ἐν
752 1075 875 1160 Νικαίη
902 1079 958 1140 καὶ
987 1075 1090 1162 ἀλύτιρ
1120 1073 1286 1164 ἀρυρισμῴ
1314 1074 1371 1160 ἐμ-

98 1209 222 1263 πεσεῖν·
247 1199 298 1264 έπί
320 1202 421 1285 τούτῳ
446 1204 506 1286 γὰρ
530 1205 587 1266 καί
611 1205 646 1265 τὸ
669 1203 769 1286 παρόν
797 1195 951 1286 ἡμέτερον
979 1203 1113 1285 γράμμα
1141 1201 1287 1286 συνήθως
1317 1201 1370 1284 βε-

99 1323 241 1406 βαιωθέν
275 1327 364 1408 παρὰ
392 1334 449 1410 τῆς
483 1320 572 1411 ἡμῶν
607 1327 832 1410 ταπεινότητος
867 1322 1010 1409 ἐπεδόθη
1038 1323 1083 1398 εἰς
1118 1321 1296 1412 ἀσφάλειαν
1330 1335 1369 1409 τῇ

18 1459 19 1528 j
99 1449 263 1533 σεβασμίη
297 1461 379 1535 μονῇ
412 1459 451 1535 τῇ
485 1459 702 1534 πατριαρχικη
739 1456 794 1533 της
820 1445 908 1520 Νέας
943 1445 1066 1532 Πέτρας
1094 1456 1149 1512 τοῦ
1180 1447 1368 1533 Προδρόμου

101 1575 210 1658 μηνί
239 1571 470 1658 ἀπριλλίιρ
497 1571 577 1637 ὶνδ.
607 1569 790 1658 ὐχδόης.

187 1695 346 1783 Τοιαύτην
370 1695 448 1782 ἔσχε
472 1698 528 1782 τὴν
551 1699 644 1760 θέσιν
667 1699 724 1760 καὶ
747 1703 840 1760 τοῦτο
862 1704 917 1759 τού
934 1695 1158 1780 Δημητριόδος
1183 1694 1369 1782 έκδοτηριυν

99 1825 233 1908 Ι[ρείμμα
256 1821 306 1885 ἐπὶ
330 1820 374 1906 τῷ
396 1822 558 1905 λεγομένῳ
581 1817 843 1906 Ἡσυχαστηρείιρ
866 1821 943 1904 πρὸς
973 1799 1043 1904 [τὴν
1067 1820 1244 1904 σεβασμίαν
1269 1825 1368 1905 μονην

100 1953 156 2010 τοῦ
179 1951 284 2030 τιμίου
307 1944 496 2032 Προδρόμου
520 1953 575 2030 τῆς
597 1943 684 2018 Νέας
708 1943 856 2028 Πέτρας].

599 2207 662 2272 XL.
681 2208 757 2272 Sine
773 2228 866 2274 anno.

99 2356 223 2410 Μίσέαόό
243 2355 420 2416 Ραπατείασ,
439 2357 587 2426 episcopus
603 2355 807 2418 Demetriadis,
836 2361 1008 2412 monasterio
1027 2357 1127 2413 Novae
1150 2357 1256 2413 Ρετταε
1277 2357 1369 2412 donat

630 2479 830 2538 molundinam.

99 2630 403 2718 Ἐκδοτήριον
438 2640 514 2695 τοῦ
540 2627 680 2695 αὐτοῦ
706 2629 777 2696 έπί
813 2633 1080 2718 μυλοτοπίῳ
1110 2631 1163 2717 τῴ
1196 2631 1262 2706 είς
1291 2636 1367 2697 τόν

420 2755 707 2820 Βελεστένον
742 2757 1041 2842 διακειμένῳ.

186 2931 226 3000 Εἰ
253 2935 309 2997 καί
335 2935 411 3017 πρός
439 2955 525 3006 τινας
553 2933 718 3018 διδόμενον
748 2931 791 3008 ὡς
816 2933 932 2998 οἰκεῖον
961 2933 1057 3006 δσίνος
1082 2942 1174 2998 τοῦτο
1202 2935 1366 3013 λογίζεται

99 3061 209 3144 κύριος
224 3061 282 3121 καί
298 3057 353 3121 σύν
376 3055 419 3141 τῷ
435 3055 679 3130 έκατονταπλως
703 3059 759 3120 καί
775 3059 922 3140 βασιλεία
939 3053 1062 3142 οὐρανῷ
1084 3061 1259 3142 χαρίζεται,
1277 3060 1366 3141 πόσιρ

99 3183 223 3267 μᾶλλον
240 3184 275 3246 τύ
298 3183 375 3267 πρός
399 3181 472 3253 τούς
487 3183 596 3254 θείους
613 3185 668 3244 καί
685 3179 786 3265 ἱερούς
802 3181 898 3254 ναούς
923 3179 1148 3268 ἀφιερούμενυν
1166 3180 1209 3266 τῷ
1223 3182 1292 3266 θεῷ
1307 3181 1364 3246 λο-

97 3309 303 3391 γισθήσεται,
328 3304 360 3368 ὲν
384 3303 430 3378 οἷς
456 3308 489 3368 τό
514 3307 604 3369 θεῖον
628 3305 798 3379 δοξάζεται
814 3309 870 3369 καί
895 3297 1122 3390 ε’ξευμενίζεπαι
1145 3303 1202 3369 καὶ
1226 3306 1366 3388 βασιλεῖς

98 3427 239 3514 εὐσεβεῖς
262 3433 318 3492 καί
334 3429 533 3515 φιλόχριστοε
556 3425 660 3514 εὐχῶν
677 3426 875 3493 ἀπολαύουσι
892 3433 948 3492 καὶ
971 3433 1011 3494 τὰ
1027 3438 1173 3516 σκῆπτρα
1196 3437 1251 3515 τῆς
1275 3431 1366 3512 βασι·

96 3557 188 3627 λείας
213 3549 314 3617 αὐτῶν
338 3554 555 3638 κρατύνονται.
577 3563 670 3618 τοῦτο
695 3563 770 3632 γοῦν
796 3552 886 3626 εἰδὼς
909 3553 968 3618 καὶ
991 3551 1085 3626 αὐτὸς
1106 3555 1169 3618 δεῖν
1192 3558 1366 3638 προέκρινα

93 3679 201 3743 πολλὰ
223 3681 304 3742 καθ’
324 3675 436 3742 ἑαυτὸν
453 3679 766 3763 συνδιασκεψόμενος
783 3673 960 3764 ἀφιερῶσαι
983 3689 1021 3764 τη
1043 3679 1121 3761 θεία
1140 3681 1196 3741 καί
1217 3676 1285 3762 ἱερᾷ
1309 3681 1366 3741 καὶ

95 3805 258 3887 σεβασμίσρ
272 3813 488 3888 πατριαρχικη
506 3813 587 3888 μυνη
607 3803 674 3884 [τοῦ
692 3807 795 3887 τιμίου
808 3801 997 3888 Προδρόμσυ
1014 3811 1068 3888 τῆς
1084 3801 1171 3874 Νέας
1187 3799 1309 3885 Πέτρας
1325 3811 1365 3886 πη

94 3925 126 3990 ἐν
150 3925 194 4011 τῷ
225 3929 361 4010 θέ]ματι
390 3935 444 4012 τῆς
473 3927 729 4010 Δρυανουβαίνης
757 3927 956 4011 διακειμένη,
982 3937 1019 4011 τη
1044 3923 1082 3990 ἐκ
1106 3927 1235 4009 βάθρων
1261 3918 1364 3988 αὐτῶν

96 4051 310 4136 ἀνεχερθείση
327 4044 366 4112 δι’
385 4048 511 4112 οἰκείων
528 4053 644 4126 κόπων,
669 4048 784 4124 ἐξόδων
807 4073 840 4112 τε
863 4049 921 4114 καὶ
945 4047 1161 4133 ἀναλωμάτων
1179 4053 1233 4112 του
1255 4045 1287 4111 έν
1304 4069 1365 4133 μυ-

93 4177 258 4260 νοτρόποις
275 4175 538 4258 σεβασμιωτοὶτου
554 4176 610 4236 καί
626 4176 915 4250 πανευχενεστσίτου
933 4176 1019 4258 ψυχῇ
1037 4177 1142 4236 τεκαὶ
1159 4175 1290 4257 σώματι,
1308 4181 1364 4235 τοῦ

92 4301 313 4383 περιποθήτου
334 4294 465 4381 ἀνεψιοῦ
482 4305 537 4360 τοῦ
554 4303 709 4380 κραταιοῦ
730 4299 786 4360 καί
803 4293 895 4373 ἁγίου
911 4291 999 4380 ἡμῶν
1022 4292 1178 4360 αὐθέντου
1195 4299 1251 4358 καί
1267 4296 1362 4378 βασι-

93 4424 188 4498 λέως,
217 4429 314 4506 κυροῦ
339 4419 476 4506 Ἰωυίσαφ
499 4419 670 4504 Κορνηνού
695 4427 750 4481 τοῦ
773 4416 994 4504 Μαλιασηνοῦ,
1022 4419 1083 4482 ἀπὸ
1111 4429 1171 4482 τῶν
1196 4416 1276 4482 ὐλων
1301 4439 1362 4504 μυη

95 4548 262 4624 λοτυπίων,
298 4542 339 4609 ὧν
368 4548 524 4628 κέκτηται
557 4545 614 4606 καί
641 4543 790 4614 δεσπόζει
812 4545 869 4604 καὶ
892 4545 1021 4626 νέμεται
1050 4540 1083 4616 ἐξ
1118 4539 1362 4629 ἀμνημονεύτων

95 4669 157 4756 ἤδη
186 4673 308 4754 χρόνων
331 4691 351 4754 η
375 4673 446 4732 κατ’
470 4663 526 4750 ἐμέ
553 4663 712 4750 ἀχιωτάτη
738 4663 893 4750 ’έπισκοπή
925 4665 1149 4752 Δημητριάδσς
1180 4665 1211 4733 έν
1235 4667 1278 4754 τῷ
1301 4665 1361 4732 θέ-
