3228 5296
518 2003 954 2124 PRAEFATIO.

183 2356 261 2504 Lm
292 2450 445 2524 quartum
476 2438 672 2505 collectionis
699 2447 825 2505 nostroe
852 2438 1107 2506 documentorum
1136 2437 1375 2528 byzantinorum

108 2561 237 2628 rolumeu
255 2561 291 2628 in
312 2561 416 2628 luceru
431 2561 545 2648 prodit,
568 2581 631 2649 quo
647 2563 759 2628 seriem
777 2569 916 2628 notorum
933 2561 974 2628 nd
991 2563 1143 2629 coenobie
1159 2561 1375 2650 ecclesiasque

106 2705 224 2769 graecos
246 2684 464 2774 spectantium
485 2685 670 2752 exordimur.
695 2685 778 2752 hooc
806 2705 877 2752 vero
893 2685 1021 2767 seriem,
1045 2694 1110 2752 tum
1126 2693 1254 2773 propter
1270 2684 1370 2752 docu-

104 2815 196 2876 mento
221 2829 308 2896 quas
338 2806 477 2874 continet
504 2807 737 2895 antiquissime,
767 2817 831 2874 tum
859 2817 989 2896 propter
1007 2827 1109 2876 rerum
1128 2809 1316 2898 grauitatem
1340 2817 1371 2874 et

105 2931 214 3014 copiam
244 2931 375 2998 maximi
402 2931 549 2997 momenti
574 2931 709 2998 futurem
736 2929 930 3013 confidimus,
958 2929 1144 3020 praesertim
1169 2931 1198 2998 si
1226 2929 1261 2996 id
1288 2931 1370 2997 bens

104 3053 229 3135 cesserit,
254 3053 345 3142 quod
366 3053 445 3120 ulter
464 3051 618 3120 editorum
633 3061 793 3141 praestare
810 3053 983 3121 constituit:
1001 3061 1050 3121 est
1064 3075 1177 3141 nempe
1192 3053 1222 3120 ci
1239 3053 1271 3119 in
1287 3053 1369 3120 rotis

104 3177 319 3264 conregiones‚
342 3197 423 3264 ques
444 3175 517 3245 olim
542 3177 745 3264 imperotores
768 3175 930 3266 byzantini
957 3185 1133 3249 tenuerunt,
1161 3175 1249 3243 odire
1274 3183 1369 3264 etque

103 3313 289 3368 monumento
302 3299 460 3386 colligere,
478 3319 560 3387 queo
576 3299 697 3366 inedito
712 3299 757 3368 ibi
773 3307 878 3367 extare
893 3301 1019 3366 ecimus.

174 3459 300 3526 luteres
311 3459 345 3524 in
362 3457 431 3532 hoo,
448 3458 535 3546 qnod
550 3478 634 3525 nunc
644 3459 823 3540 emittimus,
840 3457 1000 3526 volumine
1014 3465 1079 3526 tres
1095 3457 1258 3544 coegimus
1273 3457 1362 3526 corli-

29 3585 31 3666 l
101 3601 144 3647 ces
154 3580 376 3669 diplomaticos
390 3581 481 3664 (sire,
499 3587 534 3650 ut
544 3581 642 3664 eiunt,
656 3579 900 3669 diplometmin),
918 3581 972 3668 qui
989 3579 1124 3668 dispersi
1134 3581 1173 3648 -in
1190 3581 1292 3662 tribue
1308 3581 1360 3648 bi-

101 3702 345 3793 bliothecisproo
358 3703 789 3773 coeterisrerumdelectnse
802 3703 1220 3774 commendereridebontur.
1233 3724 1363 3792 quorum

29 3827 30 3846 *
99 3826 205 3912 primus
223 3837 274 3896 est
296 3827 397 3896 codex
413 3827 561 3896 coenobii
581 3827 614 3894 S.
636 3826 756 3894 llurine
775 3827 935 3913 Deiporee
956 3826 990 3894 in
1012 3834 1116 3894 monte
1143 3828 1261 3896 Lembo
1277 3827 1364 3914 epud

29 4021 30 4050 p
100 3948 266 4037 Smyrnam,
280 3951 337 4038 qni
356 3971 440 4018 nune
455 3951 601 4036 signatus
617 3968 746 4017 numero
759 3949 869 4016 OXXV
883 3949 964 4018 inter
976 3949 1104 4018 codices
1115 3970 1247 4036 graecos
1263 3950 1361 4016 nisto-

29 4111 31 4206 p
99 4070 169 4138 rieos
194 4072 418 4141 Bibliothecae
443 4073 609 4142 Polctiuee
637 4072 893 4142 vindobonensis
909 4081 1096 4140 asservetur.
1126 4072 1281 4160 quomodo
1308 4069 1363 4140 bic

29 4207 31 4292 l
98 4193 183 4262 codex
210 4201 415 4282 comparatus
441 4201 475 4262 et
493 4195 605 4284 quenti
622 4195 665 4264 sit
684 4195 787 4283 pretii,
816 4195 981 4264 Nesselins
1002 4196 1130 4285 exponit
1150 4195 1183 4261 iu
1205 4195 1361 4282 Oetslogo

29 4337 31 4374 l
98 4313 304 4386 Bibliothecae
317 4321 489 4387 Osescreee
501 4317 795 4406 nmmonptorum
813 4325 903 4406 ports
915 4319 951 4386 V.
968 4339 1034 4406 psg
1051 4318 1128 4385 174:
1145 4318 1359 4398 „centesimus

29 4541 30 4548 ἵ
98 4438 258 4524 rigerimus
274 4441 406 4529 quintus
425 4440 526 4510 codex
540 4441 775 4530 mnnnscriptus
795 4439 965 4510 historicus
984 4459 1119 4527 graecus
1135 4449 1185 4509 est
1200 4441 1360 4510 membro·

99 4579 213 4646 umens,
237 4571 439 4654 pervetustus
454 4572 487 4632 et
501 4563 639 4652 optimae
658 4571 765 4649 notes,
782 4564 816 4632 in
837 4570 958 4652 quarto,
978 4563 1036 4632 sed
1053 4563 1197 4633 difficilis
1217 4565 1303 4632 lectu
1326 4573 1359 4632 et
