3168 5274
261 260 326 324 324

261 457 368 542 πρώην
396 459 482 540 χειρί
505 456 540 519 τό
564 452 596 521 έν
620 465 658 542 τη
682 453 825 542 Λαρῦμιρ
849 464 905 543 της
929 461 1027 542 μονής
1060 451 1187 518 ὲλαῖκόν
1215 457 1407 536 κρατοῦντας
1429 451 1524 532 προά-

237 597 367 642 -στειον
395 577 536 652 κλάδους
564 575 688 644 ἐκείνου
717 585 771 642 τοῦ
802 579 1040 666 διεφθαρμένου
1074 583 1170 664 φυτοῦ
1201 573 1327 639 έκείδεν
1355 574 1523 658 μετέστησε

261 703 318 766 καί
345 703 385 766 τά
410 697 485 787 παρ’
514 697 616 766 αότῦν
644 701 836 782 διαταγέντα
863 709 975 773 κακῶς
1002 711 1065 774 τοῖς
1093 697 1225 771 οἰκείοις
1250 696 1420 768 δεσπόταις
1448 691 1524 760 ἀτο-

261 791 484 912 κατέστησαν,Ι
498 820 576 890 ὅθεν
598 827 655 890 καί
677 819 697 912 ή
723 821 871 913 εἰρημένη
893 821 971 904 ἁγία
995 825 1075 910 μονή
1100 826 1140 888 τὰ
1162 824 1322 906 προσόντα
1345 813 1426 904 αότή
1448 839 1524 904 χαρ-

262 945 329 1034 τιβα
361 947 566 1035 δικαιώματα
599 951 707 1035 χώραν
738 948 885 1032 λαβοῦσα
918 951 1114 1048 προκφμίσαι
1144 949 1201 1012 καί
1227 947 1366 1032 διαφανῆ
1399 950 1526 1028 ποιησαι

262 1071 318 1158 τήν
348 1069 411 1138 ἀπό
439 1081 495 1138 τοῦ
530 1069 651 1137 υίκείου
678 1075 843 1160 κτήματος
870 1071 1083 1158 πολυχρονίαν
1118 1065 1216 1136 αὐτοῦ
1251 1066 1461 1152 ἀλλοτρίωσιν
1493 1066 1526 1128 τῦ

263 1190 362 1284 αὐτῆς
383 1192 487 1282 ’μέρος
514 1195 557 1281 τιβ
583 1193 759 1282 δικαστικῷ
785 1191 875 1284 ήμῶν
901 1196 1125 1282 παρεστήσατο
1155 1195 1274 1281 βήματι
1297 1193 1353 1256 καί
1377 1187 1526 1268 σιγίλλιον

264 1317 497 1406 ἀναντιρρήτως
520 1325 575 1385 τοῦ
598 1319 820 1404 πανσεβάστου
841 1319 999 1403 σιβαοτοῦ
1022 1317 1139 1390 δουκῦς
1161 1320 1218 1382 καί
1242 1312 1451 1402 ἀντιγραφέως
1474 1317 1525 1376 τοῦ

263 1444 409 1528 δέματος
430 1440 607 1530 Μυλάσσης
629 1440 687 1508 καί
708 1441 938 1518 Μελανουδίοο,
960 1449 1058 1528 κοροῦ
1081 1439 1215 1527 Μιχαὴλ
1239 1447 1294 1505 τοῦ
1316 1437 1436 1525 Ξηροῦ,
1457 1432 1526 1523 ήμίν

262 1569 507 1654 προκεκόμικεν,
532 1559 646 1632 οὑτωσί
668 1569 753 1632 κατά
777 1561 864 1654 ῥῆμα
887 1566 1011 1642 διεξιόν.

350 1689 429 1778 Εἶχε
457 1687 563 1778 μένή
599 1692 760 1778 σεβασμία
796 1691 876 1778 μονή
904 1699 961 1778 της
995 1685 1168 1776 όπεραγίας
1203 1690 1364 1754 δεοτόκου
1385 1681 1406 1773 ή
1431 1685 1465 1750 έν
1490 1681 1530 1768 τιβ

262 1817 329 1902 ῦρει
356 1823 411 1880 τοῦ
435 1813 564 1902 Λάτρου
587 1813 737 1903 ἱδρυμένη
760 1823 817 1880 τοῦ
843 1811 934 1880 όσίου
956 1816 1076 1900 πατρός
1104 1811 1194 1902 ἡμῦν
1218 1811 1348 1880 Παύλου
1372 1807 1529 1894 έπυνομα-

263 1943 383 2027 ίομένη
407 1943 598 2026 προάστειον
622 1937 654 2004 έν
678 1950 717 2028 τη
741 1937 884 2027 Λαρόμιμ
909 1935 1060 2009 όπέλαιον
1083 1940 1137 2004 διά
1160 1937 1284 2024 δωρεάς
1306 1943 1362 2001 τοῦ
1386 1933 1529 2020 ἀοιδίμου

263 2065 422 2149 βασιλέως
444 2072 543 2150 κοροῦ
571 2062 713 2137 Λέοντος
741 2071 796 2130 τοῦ
828 2062 949 2152 Σοφοῦ,
981 2060 1215 2148 Μεσσίγγοομα
1246 2059 1528 2146 ἐπονομαζόμενον,

263 2189 343 2274 μετὰ
377 2191 435 2252 καί
462 2185 575 2272 έτίρων
605 2187 730 2253 πολλῶν
766 2187 963 2274 έπικτήσιων
991 2190 1077 2252 κατὰ
1099 2185 1272 2274 διαφόρους
1306 2187 1432 2260 τόπους,
1466 2177 1529 2246 έτεὶ

261 2313 318 2376 καί
339 2311 589 2398 πολυάνδρωπόν
612 2331 646 2375 τε
669 2307 709 2398 ήν
731 2312 789 2381 καί
810 2311 1054 2398 τολυκτήματον
1082 2305 1294 2396 βοσκημάτων
1319 2305 1452 2387 ἀγέλαις
1474 2307 1526 2368 καί

261 2435 425 2521 προσόδων
440 2435 543 2508 ίδέαις
558 2429 776 2522 εόδυνουμένη
799 2437 1020 2522 κατεφαίνετο,
1043 2431 1201 2500 ἀλλὰκαὶ
1224 2439 1324 2498 ταῦτα
1347 2428 1524 2515 βαρβαρική

261 2559 447 2624 κατέστειλε
476 2561 623 2647 μάχαιρα
651 2563 708 2626 καί
734 2562 775 2625 τά
798 2555 848 2626 ὑπ’
876 2553 975 2647 πότην
997 2561 1111 2636 πάντα,
1139 2558 1194 2624 διά
1217 2579 1266 2623 τοι
1288 2564 1380 2620 τοῦτο
1403 2557 1462 2618 καί
1485 2551 1526 2625 είς

159 2775 163 2782 ι
262 2683 298 2748 τῦ
334 2683 434 2770 μηδὲν
459 2687 611 2771 κατέστη·
646 2680 714 2749 έπιί
741 2684 777 2748 δέ
804 2687 845 2749 τά
878 2691 932 2749 νῦν
959 2692 998 2772 τη
1034 2680 1198 2769 ἀντιλήψει
1231 2689 1286 2746 τοῦ
1321 2679 1526 2768 φιλοχρίστου

261 2801 351 2894 ἡμῶν
385 2803 620 2895 αὐτοκράτορος
646 2807 742 2872 πάλιν
775 2803 893 2895 ἤρξατο
922 2803 1140 2872 ἀνανεοῦσθαι
1166 2807 1222 2870 καί
1244 2801 1291 2879 είς
1318 2806 1358 2869 τά
1384 2799 1524 2866 ἀνταῦόα

262 2925 322 2996 οόκ
349 2929 453 3012 όλίγοι
478 2936 718 3019 προσεγένοντο,
742 2927 885 3017 εόρόντες
907 2933 1044 3017 ποιμένα
1066 2933 1123 2996 καί
1138 2929 1331 3016 καθηγητήν
1355 2927 1408 2992 τόν
1433 2923 1525 2991 όσιό·

262 3073 356 3120 τατον
390 3057 533 3143 μοναχὸν
567 3065 627 3142 κῦρ
660 3053 804 3143 Μάρτιον,
838 3053 1025 3141 έδεήδησαν
1059 3053 1095 3118 δέ
1123 3057 1181 3118 καί
1214 3062 1275 3118 τῦν
1302 3052 1380 3138 πρός
1406 3051 1445 3116 τό
1474 3051 1526 3133 ζῆν

263 3177 456 3260 ἀναγκαίων·
489 3179 524 3246 οἳ
544 3181 606 3266 γάρ
628 3177 686 3244 καί
708 3179 763 3266 τήν
791 3176 964 3264 ἀγγελικήν
999 3181 1207 3266 μετέρχονται
1232 3175 1409 3250 πολιτείαν,
1447 3170 1527 3238 ἀλλὰ

261 3305 318 3367 καί
341 3301 374 3367 έν
398 3305 522 3390 σῦματι
545 3299 632 3377 ὄντες
654 3307 711 3368 καί
734 3309 860 3391 τροφής,
885 3299 939 3368 ότε
961 3303 1039 3381 δέοι,
1062 3303 1120 3366 καί
1142 3303 1264 3387 σκέπης
1286 3301 1343 3364 καί
1365 3307 1428 3364 τῦν
1454 3298 1528 3382 πρός
1572 3349 1573 3352 ,

261 3428 297 3490 τά
322 3429 377 3512 ίην
402 3423 586 3506 ἀναγκαίων
608 3423 804 3514 χρῄζουσιν,
831 3427 886 3490 διά
908 3447 956 3491 τοι
984 3433 1077 3492 τοῦτο
1100 3424 1336 3513 προσελθόντες
1358 3419 1434 3510 ἡμῖν
1458 3423 1525 3487 ένε-

260 3552 397 3638 φάνισαν
432 3553 471 3618 τά
497 3554 659 3638 προσόντα
687 3547 794 3625 αότοίς
822 3549 872 3616 ἀτί
894 3551 939 3636 τιβ
962 3550 1094 3636 τοιοότῳ
1121 3551 1302 3636 προαστείῳ
1325 3545 1525 3632 δικαιώματα

259 3676 317 3739 καί
344 3671 505 3762 έέήτησαν
533 3673 797 3763 ἀποκαταστήναι
830 3671 881 3740 έπί
908 3684 990 3762 νομη
1024 3677 1082 3738 καί
1110 3673 1284 3757 δεσποτεία
1305 3679 1361 3738 τοῦ
1385 3671 1525 3736 τοιουτου

258 3801 462 3885 προαστείου·
496 3795 535 3886 ήν
564 3801 625 3887 γάρ
651 3802 688 3865 τῦ
723 3806 865 3863 τοιοῦτον
898 3800 1088 3883 προάστειον
1115 3799 1335 3884 κατεχόμενον
1363 3798 1420 3881 μέν
1444 3795 1525 3880 παρὰ

259 3933 320 3988 τῦν
344 3921 493 3988 έντοπίοιν
516 3919 560 3997 τός
582 3923 875 4008 καταβαλλομένων
899 3917 974 4006 όπέρ
997 3921 1110 3986 τοότου
1132 3921 1209 4005 πρός
1231 3922 1268 3985 τά
1291 3920 1448 4006 δημόσιον
1471 3939 1525 4003 με·

260 4049 334 4131 μικά
368 4041 528 4133 όοιέρπυρα
555 4051 596 4112 τά
619 4043 695 4132 ὑπέρ
718 4049 853 4122 πάκτου,
888 4047 944 4109 καί
967 4041 1037 4110 έπεί
1060 4042 1172 4110 ἄδικον
1196 4041 1235 4131 ήν
1257 4043 1331 4116 τοῦς
1365 4039 1525 4129 μοναχοός

259 4169 332 4243 τοῦς
367 4168 460 4256 ἔργον
496 4169 633 4258 ἔχοντας
667 4173 702 4236 τῦ
731 4165 969 4256 όπερεόχεσῦαι
1002 4167 1158 4255 διηνεκῶς
1192 4177 1247 4233 τοῦ
1282 4175 1438 4254 κραταιοῦ
1471 4167 1524 4230 καί

125 4289 126 4292 '
261 4291 354 4375 ἁγίου
375 4291 465 4382 ἡμῦν
490 4291 648 4360 αῦῦέντου
670 4297 727 4358 καί
748 4293 904 4378 βασιλέως
927 4295 984 4358 καί
1005 4293 1123 4366 παντός
1146 4299 1201 4356 τοῦ
1224 4291 1524 4378 χριστιανικωτάτοο

260 4416 370 4498 γόνους
395 4421 578 4503 στερεῖσθαι
612 4427 668 4483 τοῦ
692 4416 815 4482 υίκείου
837 4419 893 4481 καί
927 4423 1026 4481 ταῦτα
1049 4411 1081 4480 έν
1105 4411 1173 4502 όρτι
1207 4415 1337 4501 τοιοότιρ
1361 4411 1524 4501 ἀπαρηγο-

260 4545 344 4629 ρήτῳ
376 4543 433 4607 καὶ
461 4536 651 4628 όποσκλήρῳ
679 4537 968 4626 προσκαθημένοος
995 4543 1052 4604 καί
1079 4547 1139 4604 τῦν
1167 4541 1243 4625 πρὸς
1266 4542 1301 4604 τῦ
1326 4541 1382 4627 ζήν
1405 4542 1524 4605 πάντων

135 4747 137 4754 Ι
261 4663 490 4752 ἐστερημένους
511 4669 565 4729 καί
582 4661 678 4728 αὐτοῦ
703 4671 757 4728 τοῦ
775 4659 900 4740 όδατος,
925 4663 1191 4749 ταρτδεδιίκαμεν
1216 4667 1250 4727 τό
1267 4671 1408 4730 τοιοῦτον
1425 4665 1521 4748 προά-
