3140 5284
267 311 327 376 166

264 505 299 569 τό
327 515 381 568 τού
415 502 581 588 Κερσμσὶρι
616 506 781 586 ξευγάριυν
815 501 948 566 κάκεῖσε
984 502 1172 582 ἀπαγαγών,
1209 498 1225 562 ό
1261 500 1296 561 δὲ
1331 496 1525 582 Κεραμάρης

265 625 430 693 ἐπὶτοῦτο
455 627 496 712 μῆ
522 626 604 712 ἔχων
629 649 657 690 τι
680 629 735 689 καὶ
758 625 885 712 δρᾶσαι,
909 625 952 710 τῴ
975 625 1164 710 Φαρισσαόιρ
1181 627 1391 700 καταπτύσας,
1422 617 1526 683 ἐκεῖσε

267 751 465 828 ἀπέστειλεν,
495 746 579 822 ὅπως
606 753 662 814 καί
689 752 729 813 δι’
760 749 923 825 ἐντεύξεως
953 751 987 813 τό
1014 750 1110 812 πλέον
1139 751 1194 812 καί
1221 748 1274 810 διὰ
1297 747 1401 819 δεξιᾶς
1427 763 1524 827 μετα-

265 881 429 961 χειρίσεως
453 872 646 959 ἐνισχύσειεν
681 873 825 959 ἄρασθαι
853 883 959 950 τοῦτο,
996 872 1013 935 ύ
1040 873 1079 957 δῆ
1104 875 1160 936 καὶ
1182 874 1346 956 πεποίηκε.
1381 866 1524 932 καταλα-

264 1001 373 1084 βόντος
401 1004 461 1082 γὰρ
490 1008 544 1064 τού
573 997 773 1082 Φαρισσαίου
802 996 920 1073 ἐκεῖσε,
950 997 1055 1069 ἄλλως
1077 1017 1143 1067 πως
1166 992 1224 1059 ούκ
1247 990 1394 1080 ἠδυνήθη
1422 991 1523 1053 καθι-

265 1125 409 1209 λαρώσαι
426 1097 540 1200 αύτοῑς,
565 1121 593 1185 εὶ
610 1122 651 1207 μῆ
677 1127 744 1206 μετ’
762 1120 844 1204 οἴνῳ,
869 1121 1022 1208 (φίλοινον
1047 1123 1108 1206 γάρ
1125 1122 1192 1184 ἐστι
1215 1121 1300 1181 τουτὶ
1315 1119 1349 1180 τό
1374 1119 1467 1196 γένος
1482 1111 1525 1186 ώς

268 1242 343 1332 ύπὲρ
358 1243 491 1331 ἕτερον),
509 1247 727 1331 συμπαρόντος
744 1241 848 1318 αύτοῐς
863 1243 920 1308 καὶ
936 1253 990 1307 τού
1002 1243 1169 1328 Κουτούλη
1186 1241 1454 1326 καπηλτυσάντων
1473 1235 1525 1300 αύ-

265 1379 326 1434 τών
349 1371 402 1434 τὸν
419 1367 615 1452 Φαρισσαῖον
632 1372 688 1432 καὶ
710 1373 841 1432 πιόντων
859 1365 1040 1452 ύπερπύρων
1064 1367 1119 1430 δύο
1137 1364 1237 1428 οἴνων·
1261 1364 1457 1448 δραξάμενος
1473 1358 1526 1425 ούν

268 1501 324 1580 τῆς
348 1490 493 1578 ἀφορμῆς
510 1494 625 1576 ταύτης
650 1488 665 1554 ό
691 1490 865 1576 Κεραμάρι,
891 1488 933 1562 ώς
950 1490 1137 1574 δικαιούσης
1162 1485 1264 1564 αὐτόν,
1291 1484 1352 1550 ἀπό
1376 1489 1449 1548 τότε
1473 1487 1527 1547 καί

266 1621 362 1702 μέχρι
384 1623 439 1679 τού
462 1623 515 1678 νύν
539 1615 668 1699 ὲνὲμετο
696 1619 752 1678 καί
786 1611 937 1686 ἒδόσποξε
966 1621 1021 1676 τού
1055 1615 1227 1698 χωραφόου.
1264 1611 1317 1674 διὰ
1345 1617 1438 1672 τούτο
1474 1611 1527 1671 καί

265 1739 503 1822 καταλαβόντες
531 1747 569 1824 τῆ
603 1734 744 1824 ἡμετέρα
771 1741 862 1823 χώρορ
891 1735 953 1800 ἀπό
981 1759 1015 1800 τε
1043 1743 1097 1799 τού
1126 1725 1239 1820 μέρους
1268 1742 1324 1818 τῆς
1348 1733 1527 1814 σεβασμύας

264 1870 362 1948 μονῆς
386 1871 445 1924 τών
469 1858 605 1944 Λέμβων
629 1857 647 1924 ό
670 1862 857 1944 τιμιώτατος
881 1862 1023 1946 μοναχύς
1046 1869 1134 1944 κύρις
1157 1855 1302 1941 Μάρκος,
1327 1853 1387 1919 ἀπό
1413 1856 1450 1918 δὲ
1474 1861 1527 1917 τού

263 1983 430 2069 Κεραμόρι
453 1981 470 2048 ό
491 1980 586 2055 αύτύς
601 1987 658 2046 καὶ
680 1981 812 2068 Μιχαῆλ
835 1979 851 2046 ό
875 1982 1027 2062 Θελύγος,
1051 1985 1106 2046 καί
1128 1980 1286 2068 ῆτῆσαντο
1313 1975 1398 2066 ἡμᾶς
1423 1989 1526 2062 κρῖναι

263 2108 336 2181 τούς
365 2105 561 2195 ἀμφοτέρους
584 2111 655 2191 περὶ
689 2115 744 2170 τού
771 2082 1035 2191 προδηλωθὲντος
1071 2107 1247 2192 χωραρόοο.
1276 2107 1332 2166 καὶ
1362 2105 1524 2188 παρόντων

261 2228 350 2319 ἡμῶν
375 2227 407 2293 ἐν
432 2227 458 2316 ηύ
480 2232 564 2313 τόπῳ
588 2227 748 2314 εἰώθαμεν
772 2233 899 2312 κρίνειν,
924 2230 963 2292 τὰ
986 2236 1043 2312 τῆς
1066 2223 1249 2298 ὑποθέσεως
1273 2227 1388 2310 ταύτης
1414 2223 1526 2300 αύτών,

264 2357 379 2428 καθώς
402 2355 533 2442 ἔφημεν,
557 2354 734 2439 διηγοῦντο·
759 2351 776 2417 ύ
800 2353 835 2415 δὲ
860 2373 896 2432 χε
911 2317 1262 2438 Κεραρσὶρυέγγραρυν
1286 2352 1407 2437 φάρσον
1430 2347 1530 2433 δῆθεν

261 2483 351 2576 παρὰ
373 2486 428 2542 τού
451 2477 613 2564 Κρητικοῦ
638 2479 767 2557 γεγονός
791 2473 1001 2553 ὑπεδείκνυεν,
1025 2474 1067 2549 ώς
1082 2479 1160 2561 πρός
1185 2472 1278 2540 αύτόν
1303 2471 1529 2558 ἀπεμπολῆσαι

265 2603 300 2666 τό
329 2611 470 2667 τοιοῦτον
494 2604 670 2689 χωράριον,
707 2599 782 2686 ὅπερ
812 2599 854 2674 ώς
883 2605 1094 2678 καταγνόντες
1123 2583 1352 2686 ἀπερρύψαμεν,
1377 2601 1435 2661 καὶ
1463 2593 1526 2660 οὐδ’

267 2723 474 2804 ἀναγνώσεως
495 2733 586 2790 τοῦτο
606 2721 795 2811 ἠξιώσαμεν·
820 2729 848 2788 τί
864 2727 924 2809 γὰρ
941 2727 997 2788 καὶ
1018 2721 1198 2788 ἐδικαιούτο
1221 2719 1237 2787 ύ
1258 2721 1429 2808 Κρητικός,
1453 2717 1527 2805 ὅπερ

264 2827 628 2935 προαπερπόλησε,’καί
654 2849 747 2912 πάλιν
770 2847 897 2927 πωλεῖν;
921 2849 976 2910 καὶ
1004 2843 1046 2920 ώς
1075 2851 1282 2932 γνωρίσαντες
1311 2839 1410 2917 ούτως
1444 2844 1527 2930 ἔχειν

263 2975 319 3058 τῆν
344 2941 503 3060 ἀληθειαν
527 2973 738 3057 διεκρίναμεν,
761 2969 814 3034 ἵνα
837 2972 872 3034 τό
897 2973 952 3056 μὲν
979 2935 1137 3057 χωροὶριον
1162 2975 1341 3056 κατέχηται
1359 2973 1450 3054 παρὰ
1473 2976 1526 3053 τῆς

267 3105 364 3184 μονῆς
387 3106 447 3162 τῶν
469 3094 616 3181 Λέμβων,
641 3092 683 3167 ώς
705 3098 860 3178 παροίκου
882 3089 972 3166 ὄντος
996 3087 1092 3179 αύιῆς
1115 3101 1169 3156 τού
1193 3091 1360 3180 Κουτούλη
1388 3097 1447 3156 καὶ
1471 3093 1526 3157 δε·

265 3221 427 3301 σπότιδος,
456 3223 508 3284 τόν
532 3219 567 3282 δὲ
589 3217 784 3302 Κεραμυὶρην
812 3213 938 3280 ἐκεῖθεν
963 3223 1017 3280 τοῦ
1041 3219 1204 3303 χωραρίου
1229 3213 1462 3302 ἀπεπέμψοιμεν
1486 3214 1525 3289 ώς

199 3327 201 3332 ’
263 3346 349 3429 παρὰ
377 3346 413 3408 τύ
440 3344 565 3408 δίκαιον
598 3347 806 3428 πειρωμένου,
843 3313 919 3405 ἐπεὶΙ
938 3343 994 3404 καὶ
1021 3337 1038 3404 ὁ
1065 3342 1168 3427 πατῆρ
1196 3343 1307 3405 τούτου
1336 3339 1449 3424 βιαίως
1473 3345 1527 3406 καὶ

264 3469 459 3538 δυναστικώς
487 3469 680 3550 κατεκράτει
708 3459 820 3542 αύτού,
850 3461 934 3528 ἀλλὰ
957 3465 996 3550 δῆ
1020 3467 1076 3527 καὶ
1099 3459 1201 3536 ούτος·
1230 3461 1303 3528 ούδὲ
1329 3473 1389 3549 γὰρ
1414 3466 1528 3550 βοηθεῖ

265 3601 329 3664 τοῖς
359 3587 507 3654 ἀδικοῦσι
534 3591 648 3675 χρόνος
685 3591 817 3674 μακρός.
845 3587 899 3651 διὰ
927 3589 988 3671 γὰρ
1023 3595 1114 3650 τοῦτο
1143 3585 1200 3650 καὶ
1222 3583 1242 3675 ἡ
1266 3595 1413 3672 παροῦσα
1441 3583 1528 3674 ἡμῶν

267 3709 375 3799 αἱρετῆ
415 3718 518 3798 κρίσις
558 3711 728 3776 ἐκτεθεῐσα
767 3714 823 3774 καὶ
862 3719 1017 3797 γραφεῖσα
1052 3706 1192 3794 ἐπεδόθη
1233 3721 1271 3796 τῆ
1307 3710 1527 3797 διαληφθεόση

266 3837 427 3922 σεβασμῑορ
466 3846 546 3920 μονῆ
589 3845 649 3898 τών
682 3830 819 3919 Λέμβων
859 3831 904 3907 εἰς
943 3831 1132 3920 ἀσφάλειαν.
1172 3837 1274 3920 μηνὶ
1312 3835 1527 3920 νοεμβρίφ

266 3959 343 4025 ὶνδ.
374 3958 419 4023 ιδ’
445 3962 474 4040 †.

206 4059 211 4068 Ι
354 4077 1527 4168 ξὉπρωτοπαπᾶςχώραςΚὲουκούληςΓουδέλης

267 4205 613 4274 ὁΚατακαλών
648 4205 698 4267 τὰ
731 4204 938 4286 παρόντα
972 4194 1148 4287 κρύψας
1181 4206 1260 4268 καὶ
1290 4216 1528 4290 μαρτυρῶν

143 4379 146 4386 -
268 4327 561 4416 ύπέχραψαξ.

355 4451 436 4534 †'H
458 4460 603 4538 παροῦσα
627 4453 730 4534 κρίσις
754 4445 987 4535 ἐμφανισθεῖσα
1009 4452 1065 4512 καί
1089 4445 1333 4528 ἀναχνωσθεῐσιὶ
1356 4471 1418 4535 μοι,
1446 4473 1526 4534 μοιρ-

269 4579 443 4666 τυρηθεῐσσ
471 4576 506 4640 δὲ
535 4577 591 4637 καὶ
618 4575 703 4656 παρὰ
731 4581 790 4635 τών
823 4573 992 4655 κρινάντων
1021 4567 1117 4656 αύτῆν
1145 4583 1281 4637 τοπικῶν
1305 4577 1411 4659 χώρας
1438 4573 1526 4640 Κου-

269 4703 388 4785 κυύλης
405 4699 590 4773 ἀξιοπίστων
612 4693 732 4778 ἀνδρῶν
754 4691 797 4764 ώς
821 4692 930 4778 ἀληθῆ
956 4691 1054 4758 οὖσαν
1078 4689 1242 4782 ύπεγρσὶρη
1266 4701 1322 4760 καί
1344 4692 1415 4780 παρ’
1441 4695 1529 4782 ἐμοῦ.
