3168 5274
245 217 309 284 284

245 405 398 498 τύρησιις,
422 405 473 476 ὅτι
495 407 693 496 ἐπεκράτησε
717 411 812 496 μέχρι
835 417 891 474 τού
914 415 967 474 νύν
989 403 1009 496 ἡ
1034 408 1191 494 συνήθεια
1219 405 1264 480 είς
1288 401 1455 493 ἀμφότερα
1479 404 1540 468 τὰ

246 536 337 622 μίρη.
361 535 418 602 καί
439 515 575 620 ποίησον
598 534 683 598 κατὰ
705 534 760 599 τόν
782 533 925 619 παρόντα
948 528 1079 618 ὁρισμὸν
1103 541 1159 619 τῆς
1183 530 1349 616 βασιλείας
1373 549 1452 617 μου,
1488 527 1542 591 δν

247 659 304 724 καί
327 654 532 745 ἀντίσιρεψον
555 657 635 742 πρὸς
658 651 774 731 αὐτούς
797 651 836 722 δι’
861 653 1040 745 ἀσφάλειαν
1063 659 1094 737 †.
1266 655 1269 660 ’

336 779 491 868 mx·
519 781 578 846 τὸ·
606 783 714 867 μηνί
741 776 983 865 ύκπυνβρίιρ
1010 777 1093 844 ίνδ.
1120 781 1303 866 πρώτης
1329 773 1381 842 δι’
1419 774 1540 863 ἔρυ-

249 903 1540 993 δρῶνηραμμότυντηςβασιλικῆςκαίδιίαςχειρόςῒ.

251 1131 412 1202 oLxxlx.
429 1131 506 1200 Sine
521 1151 618 1214 anno,
636 1151 746 1200 υιοιιυο
761 1131 943 1220 septembri,
963 1130 1075 1208 ind.1;
1096 1129 1225 1214 octobri,
1247 1129 1313 1198 ind.
1334 1129 1408 1212 XII;
1432 1127 1540 1208 iulio,

823 1255 889 1324 ind.
906 1256 946 1328 II.

473 1405 639 1478 Ῑοιροκαίοι·
651 1405 824 1462 monasterio
839 1405 930 1462 donat
944 1405 1079 1462 ἀαοοκίοο
1093 1404 1201 1460 modim
1216 1404 1299 1464 οαόίο.

257 1591 259 1596 v
342 1555 1541 1656 Ι.ῒΠρόσταηματυποιματικὸνχάρινσυνδιακο-

255 1685 364 1749 σίυν
392 1677 564 1768 μοδίιυν
592 1689 659 1747 τοῦ
682 1677 868 1762 ἅλατος,
892 1679 946 1747 ὧν
973 1681 1208 1767 λαμβάνει
1233 1676 1254 1768 η
1284 1681 1396 1768 μονη
1426 1677 1540 1744 κατ’

256 1805 360 1880 ίτος
383 1803 467 1871 ιἰπὸ
491 1815 574 1870 τῶν
597 1815 676 1891 της
698 1803 910 1893 Σμύρνης
932 1803 1114 1870 ἁλυκῶν
1137 1808 1168 1886 †.

341 1943 483 2028 ῒΤυποῐ
508 1941 529 2035 η
559 1945 706 2031 βασιλεία
740 1967 800 2033 μου
827 1945 881 2012 διὰ
909 1955 965 2035 τῆς
991 1947 1155 2032 παρούσης
1189 1941 1287 2032 αύιης
1320 1945 1541 2031 προστάξεως

254 2069 430 2157 λαμβάνειν
461 2068 534 2136 κατ’
564 2069 636 2146 ἔτος
659 2071 714 2158 τὴν
747 2071 924 2158 σεβασμίαν
954 2070 1051 2158 μονὴν
1086 2079 1142 2158 τῆς
1167 2069 1332 2154 βασιλείας
1367 2090 1429 2154 μου
1465 2079 1540 2133 τῶν

256 2191 383 2260 ἁλυκῶν
411 2203 466 2282 τῆς
493 2193 647 2284 Σμύρνης,
676 2193 719 2269 ὥς
746 2199 969 2262 καινισδεϊσαν
998 2191 1112 2282 ἀρτίως
1146 2196 1234 2280 παρὰ
1267 2202 1324 2280 της
1359 2193 1543 2276 βασιλείας

257 2340 328 2405 μου,
357 2313 478 2390 ἄλατυς
501 2318 631 2404 μοδίους
653 2316 837 2412 ἀνοννικούς
864 2319 1065 2398 διακοσίους,
1094 2315 1142 2406 ἐφ’
1170 2316 1197 2404 ιβ
1223 2321 1280 2383 καί
1302 2327 1341 2403 τη
1369 2313 1544 2405 ἐμφανείορ

253 2429 312 2508 τού
335 2444 490 2527 παρόντος
514 2437 647 2529 όρισμυύ
670 2451 726 2530 τῆς
755 2445 921 2528 βασιλείας
945 2465 1006 2532 μου
1034 2439 1216 2532 ὀφείλουσιν
1241 2439 1272 2506 οἱ
1294 2442 1543 2528 διενερηοδντες

257 2565 313 2652 τὴν
341 2567 490 2653 τοιαύτην
518 2561 640 2654 ἁλυκὴν
664 2567 787 2632 διδόναι
809 2545 880 2632 κατ’
905 2566 976 2640 ἔτος
1004 2569 1061 2632 καί
1085 2565 1157 2640 τούς
1180 2565 1366 2638 διακοσίους
1394 2565 1542 2651 μοδίους

258 2697 313 2754 τού
342 2686 460 2764 ἅλατος
483 2691 561 2776 πρὸς
584 2691 639 2778 την
664 2688 832 2779 είρημένην
853 2689 954 2778 μονὴν
979 2687 1222 2776 ἀπαραλείπτιυς
1251 2693 1308 2756 καί
1336 2685 1541 2776 ἀνακριοτη-

259 2817 404 2900 ριύστιυς.
430 2813 480 2880 ἐπί
502 2815 604 2900 τούτιρ
627 2817 689 2901 γὰρ
710 2812 853 2894 ἐγεγόνει
876 2826 915 2902 τῇ
931 2813 1151 2903 διαληρδείση
1176 2825 1257 2902 μονῇ
1281 2822 1337 2900 τῆς
1362 2811 1542 2897 βασιλείας

260 2959 321 3026 μου
348 2935 406 3004 καὶ
433 2936 450 3006 ὁ
477 2940 586 3024 παρὼν
611 2935 741 3027 ὁρισμὸς
769 2947 825 3025 τῆς
853 2939 1018 3024 βασιλείας
1047 2959 1107 3026 μου
1136 2937 1183 3014 εὶς
1212 2935 1389 3027 ἀσφάλειαν
1421 2937 1544 3002 αἰωνί-

261 3067 379 3138 ίυυσαν
400 3065 431 3145 †.

348 3184 503 3281 βΕἶχε
530 3189 589 3252 τό·
618 3189 726 3275 μηνί
754 3187 1015 3274 σεπτεβρίιρ
1041 3183 1123 3254 ίνδ.
1151 3185 1408 3274 πρώτηςδι’
1432 3183 1543 3272 ἐρυ-

261 3313 381 3397 θρόν
405 3310 1337 3398 ηραμμιίτιυντῆςβασιλικῆςκαίδείας
1364 3313 1543 3397 χειρός

261 3438 340 3500 καί
374 3437 431 3500 τύ·
466 3406 543 3499 διδ
570 3441 647 3500 τού
681 3431 888 3524 Τυρνίκη
922 3433 1193 3522 Δημητρίου
1220 3435 1447 3514 κάτοιδεν,
1479 3431 1543 3510 ὣς

265 3557 860 3644 ἕδοςτοίςμεσάίουσινβ.

819 3807 975 3820 m

355 3983 392 4050 11.
417 3986 437 4064 †
462 3979 651 4072 Ἕτερον
678 3987 966 4071 πρόσταγμα,
1001 3983 1337 4070 διοριζόμενον
1370 3985 1449 4048 καί
1486 3985 1541 4048 τὸ

267 4106 962 4196 τοιούτονπερὶτοδᾶλατυςῒ.

354 4247 434 4330 †‘0
461 4259 585 4336 κρατῶν
613 4253 670 4324 τὰς
697 4253 783 4316 κατὰ
810 4250 866 4336 την
893 4249 1036 4336 Σμύρνην
1060 4246 1183 4322 άλυκὰς
1210 4248 1325 4336 δικαίῳ
1349 4257 1404 4314 τού
1428 4249 1541 4336 δημο-

268 4379 353 4456 σίου,
382 4371 450 4440 ἐπεί
476 4376 634 4462 συνήθεια
657 4372 724 4440 ἐστί
745 4374 899 4439 δίδοσθαι
920 4369 991 4438 κατ’
1022 4372 1094 4447 ἔτος
1116 4375 1195 4460 πρὸς
1217 4376 1252 4440 τό
1275 4379 1372 4460 μίρυς
1396 4381 1452 4460 τῆς
1477 4397 1539 4438 σε-

269 4499 409 4584 βασμίας
437 4507 535 4586 μονῆς
563 4508 624 4564 τῶν
651 4496 788 4584 Λὲμβυιν
817 4495 879 4563 ἀπὸ
908 4507 963 4585 της
991 4496 1116 4566 εἰσόδου
1145 4509 1203 4564 τῶν
1232 4499 1378 4563 τοιούτων
1406 4495 1541 4564 ἁλυκῶν

270 4619 388 4696 ἅλατος
416 4621 545 4706 μοδίους
573 4622 773 4700 διακοσίους,
807 4623 979 4708 διορίζεταί
1008 4644 1059 4687 σοι
1085 4618 1105 4708 ἡ
1135 4621 1282 4706 βασιλεία
1317 4643 1386 4708 μου,
1425 4620 1467 4697 ὡς
1496 4622 1540 4689 ἂν
