3238 5282
1334 225 1400 292 407

107 433 198 490 γους
224 410 417 494 έξεόέμεδα,
442 408 519 496 όπερ
541 411 568 476 εὶ
592 413 796 500 τολμήσομεν
820 412 1029 502 ἀρνήσασθαι
1047 426 1184 502 μερικῶς
1209 415 1226 504 ἢ
1251 420 1398 485 καθόλου

106 534 132 622 ἢ
174 531 269 622 ἡμεῖς
297 533 328 599 οἱ
363 533 641 622 ἀναγεγραμμένοι
670 543 807 624 μοναχυί
841 537 861 626 ἢ
893 537 1001 625 ἕτερός
1030 563 1076 614 τις
1105 539 1167 606 ἀπό
1196 551 1251 608 τοῦ
1281 547 1394 630 μέρους

108 669 178 748 τῆς
203 668 304 746 μονῆς
325 669 380 725 τοῦ
405 657 497 740 ἁγίου
519 659 693 748 Γευργίου,
718 657 755 727 οό
780 667 875 748 μόνον
902 661 955 729 ἵνα
979 666 1022 752 μὴ
1048 663 1310 752 εἰσακοοόμεδα,
1333 664 1395 732 κάν

110 783 150 849 εἷ
176 806 209 848 τι
231 781 270 848 ἀν
294 787 350 849 καὶ
373 785 476 864 λέγειν
501 782 762 872 ἐπιχειρήσωμεν,
787 783 952 852 ἀλλὰκαὶ
981 791 1156 874 πρόστιμον
1183 792 1395 878 ζημιωθησό-

110 909 213 992 μεθα
235 910 314 992 πρός
337 903 420 994 ὑμᾶς
443 907 515 982 πυός
543 913 850 988 πανευγενεστάτους
878 908 1054 997 ὁμυζόγους
1077 915 1132 976 καὶ
1154 917 1232 997 πρός
1255 915 1312 1000 τὴν
1336 937 1396 1000 μο-

108 1032 175 1117 νὴν
200 1039 256 1096 τοῦ
277 1029 467 1118 Προδρόμοο
490 1037 673 1118 νομίσματα
696 1029 856 1120 όπέρπυρα
879 1026 1076 1121 πεντήκοντα
1099 1039 1248 1121 καὶπρὸς
1273 1039 1309 1102 τό
1333 1038 1394 1124 δη-

111 1158 235 1242 μόσιον
259 1157 296 1220 τό
319 1156 478 1244 διαφέρον,
508 1165 563 1222 τοῦ
576 1152 684 1244 ιόφους
711 1163 886 1246 γραφέντος
908 1170 1069 1246 προτροπῇ
1092 1155 1182 1246 ἡμῶν
1205 1159 1260 1225 διά
1283 1161 1392 1247 χειρός

108 1279 354 1365 ταβουλλαρόου
389 1287 444 1366 τῆς
478 1281 601 1354 πόλεως
634 1279 805 1367 Ἃλμυροῦ,
836 1289 891 1346 τοῦ
922 1278 1157 1366 εόλαβεστάτοο
1187 1279 1392 1364 ἀναγνώστου

108 1411 178 1489 κῦρ
211 1402 452 1469 Κυνσταντίνου
479 1378 534 1469 τοῦ
561 1401 722 1488 Ῥοιγκαβέ
751 1409 859 1492 μηνὶ
887 1405 1390 1492 δεκεβρέῳ,-ὶνδικτιῦ-

109 1547 195 1600 νος
222 1527 676 1614 πεντεκαιδεκάτης,
702 1526 1232 1616 ἕτειέξακισχιλιοστηῑ
1257 1527 1388 1598 ἐπτα-

109 1651 359 1736 κοσιοστηῑ
383 1648 699 1739 ὀγδοηκοστῷ.

207 1774 273 1841 Καὶ
295 1776 331 1838 τό
353 1777 525 1862 πρατήριον
548 1775 584 1840 δέ
608 1775 768 1863 ἔγγραφον
791 1778 868 1862 πρός
892 1776 947 1862 την
972 1772 1069 1862 πότην
1090 1776 1188 1862 μονὴν
1212 1785 1268 1842 τοῦ
1292 1773 1387 1857 άγόου

108 1898 279 1984 Γεωργόου
301 1907 362 1964 τῦν
385 1897 556 1964 Καναλῑυν
580 1899 631 1964 έπί
655 1897 799 1986 ἀμπελέιρ
822 1901 970 1987 τοιαυτην
994 1900 1072 1986 ἔσχε
1096 1901 1151 1986 την
1177 1900 1320 1968 ἔκδοσιν.

365 2166 490 2234 ΧΧΧΠ.
507 2166 738 2249 6780-1272,
755 2187 863 2235 mense
878 2168 969 2247 maio,
987 2165 1053 2234 ind.
1070 2167 1136 2235 XV.

13 2307 14 2314 ¹
111 2315 236 2372 statne
248 2314 454 2372 Οοκσιακόόκαε
468 2326 495 2372 σέ
510 2315 636 2372 Ioannes
648 2315 814 2372 oaezffdom
829 2317 955 2372 νικά-αντε
970 2315 1092 2372 Νίσοῑαο
1107 2315 1273 2372 Μαλίουοπο
1288 2317 1386 2372 κόκκου

651 2444 683 2495 in
697 2439 851 2498 Βοῑιοιόκο.

151 2573 177 2638 l.
202 2573 258 2641 Τό
281 2579 544 2663 πρατήριον
567 2573 930 2680 Κυνστοιντίνου
955 2583 1031 2639 τοῦ
1054 2573 1339 2662 Κατῑιδόνη.

205 2749 257 2817 Ἐν
281 2747 412 2838 όνόματι
435 2761 490 2818 τοῦ
517 2756 638 2838 πατρός
661 2757 717 2818 καὶ
741 2762 796 2818 τοῦ
824 2719 893 2817 υἱοῦ
916 2755 975 2816 καί
998 2760 1053 2818 τοῦ
1078 2749 1171 2830 ἀγόου
1193 2754 1380 2838 πνεόματος.

113 2875 352 2950 Κυνσταντῖνος
380 2873 628 2963 όΚατζιδώνης
655 2881 712 2941 καί
740 2875 823 2962 Ξένη
851 2872 871 2963 ἡ
897 2877 1028 2961 σόμβιος
1051 2876 1173 2953 τούτου,
1209 2873 1384 2963 ἀμφότεροι

113 3011 208 3086 κοινῇ
225 2999 336 3087 βουλῇ,
361 3003 471 3086 γνώμη
489 3023 522 3066 τε
537 3003 593 3065 καὶ
615 2973 769 3086 ἀρεσκείᾳ
790 2999 915 3066 ἄνωθεν
939 3007 994 3064 τοῦ
1017 3001 1173 3084 παρόντος
1189 2994 1287 3086 ὕφους
1310 3000 1383 3073 τοός

13 3207 14 3214 η
112 3125 229 3197 τύπους
252 3131 308 3189 τοῦ
331 3126 496 3210 ζυηφόρυυ
519 3128 575 3188 καὶ
598 3133 817 3210 πρυσκυνητοῦ
839 3131 976 3209 σταυροῦ
1000 3120 1135 3195 οἰκείαις
1158 3125 1267 3209 χερσὶν
1292 3120 1380 3188 ἐντυ-

13 3269 14 3276 ‘
109 3251 296 3333 πευσόμενοι
320 3249 375 3334 τὴν
397 3257 561 3336 παροῦσαν
585 3249 744 3336 ἔγγραφον
768 3251 824 3312 καὶ
848 3245 1065 3334 ἐνυπόγραφυν
1088 3249 1255 3334 καθαράν,
1279 3267 1378 3336 φανε-

111 3376 181 3458 ράν,
211 3371 367 3457 εἰλικρινῆ
391 3375 448 3436 καὶ
472 3370 713 3459 ἀμεταμέλητον
741 3373 908 3458 διάπρασιν
942 3377 998 3434 τοῦ
1025 3373 1195 3456 κατυτέρυ
1223 3371 1378 3458 δηλιυδη·

112 3500 247 3582 σομὲνου
282 3493 439 3581 ἀμπελέου
467 3493 629 3582 τιθέμεθα
656 3500 712 3560 καὶ
746 3503 899 3580 ποιοῦμεν
934 3495 990 3558 σόν
1020 3498 1112 3560 παντὶ
1139 3493 1192 3582 τιῑιγ
1210 3491 1295 3575 γένει
1321 3499 1379 3560 καί

115 3626 199 3706 μέρει
226 3617 315 3708 ἡμῶν
344 3625 401 3685 καὶ
428 3616 533 3694 αὐτοῖς
561 3633 625 3694 τοῖς
652 3621 864 3707 κληρονόμοις
893 3621 949 3684 καί
976 3618 1143 3705 διαδόχοις
1169 3615 1258 3706 ἡμῶν
1281 3617 1376 3684 ἑκου-

113 3750 185 3818 σόιος
208 3749 266 3810 καὶ
290 3743 461 3830 ἀβιάστιος,
486 3747 642 3832 καθαρῶς
665 3749 722 3810 καί
749 3743 992 3830 ἀρρφδιοόργυις,
1022 3739 1207 3816 αότοθελῦς
1234 3747 1289 3808 καὶ
1317 3739 1376 3806 αό-

115 3873 343 3954 τοπροαιρέτυις
371 3873 427 3935 καὶ
450 3865 510 3936 οὐκ
534 3869 573 3934 ἕκ
596 3887 681 3942 τινος
706 3867 851 3954 ἀνάγκης
874 3865 895 3954 ἢ
920 3869 1020 3956 φόβου
1041 3865 1062 3953 ἢ
1087 3866 1183 3931 δόλου
1210 3864 1230 3953 ἢ
1255 3863 1374 3952 χλεόης

112 3990 130 4078 ἢ
159 3994 228 4076 βόας
256 3991 277 4080 ἢ
306 3992 431 4081 ἀπάτης
452 3991 473 4081 ἢ
498 3991 688 4080 ἀρχοντικης
716 3989 989 4064 καταδυναστείας
1016 3988 1037 4077 ἢ
1065 3988 1373 4076 έρρφδιουργημένοο

13 4167 14 4176 ,
115 4127 242 4188 σκοποῦ,
266 4119 323 4182 σόν
344 4122 510 4206 προθυμία
524 4119 560 4184 δέ
584 4118 706 4203 μᾶλλον
731 4113 851 4202 άπάση,
869 4111 1019 4202 όλοψόχιρ
1042 4115 1195 4199 προθέσει
1210 4117 1266 4178 καὶ
1291 4117 1371 4198 μετά
1438 4136 1441 4142 ’

113 4248 383 4328 μεμεριμνημένου
410 4247 467 4308 καὶ
500 4239 719 4330 ἠκριβωμένου
749 4247 871 4306 σκοποῦ
905 4242 961 4302 καί
988 4247 1107 4324 φρενῶν
1136 4234 1370 4322 ἀκεραιοτάτης

110 4372 163 4450 τῆς
190 4370 433 4454 σταόηρότητος
460 4372 516 4432 καὶ
551 4363 657 4439 ἁπλῶς
681 4364 775 4430 εἰπεῖν
799 4365 879 4448 μετὰ
901 4361 1023 4446 πολλῆς
1048 4356 1138 4448 ἡμῶν
1166 4369 1221 4458 τῆς
1250 4357 1370 4424 ἀποδο-

13 4543 14 4548 ,
112 4497 170 4575 χῆς
196 4493 253 4555 καί
276 4493 456 4580 θελησευις,
493 4489 751 4575 ἀποβαλλόμενοι
773 4491 829 4552 καὶ
857 4482 1106 4570 ἀποταττόμινοι
1135 4481 1173 4549 ἐκ
1201 4487 1368 4571 συμφώνου

13 4653 15 4656 -
111 4611 194 4700 ημῦν
222 4613 397 4704 ὁμολογίας
430 4621 486 4682 καὶ
523 4613 744 4701 έπεριυτηοευς
777 4614 819 4698 μη
856 4613 949 4696 μόνον
984 4618 1089 4674 πᾶσαν
1125 4614 1181 4674 καὶ
1214 4613 1369 4674 παντοίαν
