3168 5274
269 245 333 308 346

269 436 395 521 μεγάλα
423 436 597 522 δυνάμενος
626 433 697 521 παρ’
729 433 812 521 αύτιμ
843 437 941 502 πολύν
970 437 1039 524 εἶχε
1067 440 1119 502 τύν
1143 437 1277 504 πλούτον
1306 441 1362 502 καί
1384 439 1532 524 πλείστην

270 560 430 649 ἀφθονίαν
455 560 494 626 ἐκ
517 584 550 626 τε
574 561 613 648 δή
638 565 808 648 κτημάτων
831 565 888 626 καί
910 566 1093 648 περιουσίας
1114 562 1328 648 παντοδαπῆς.
1353 559 1455 636 ὡςδὲ
1479 566 1533 626 καί

269 682 398 771 ἐδέησεν
423 683 472 750 ἐπί
496 697 535 771 τῆ
559 689 644 750 κατὰ
667 687 720 750 τύν
736 683 894 772 Ἃλμυρύν
918 686 1106 774 διακειμένη
1131 697 1212 773 μονή
1229 697 1267 773 τῆ
1292 696 1347 752 τού
1368 696 1428 772 κύρ
1450 684 1532 752 Ἱλα-

268 813 379 895 ρίωνος
407 807 668 895 ἐπονομαζομένη
694 830 758 895 παρ
797 805 893 874 αύτού
922 813 1027 896 τυχεῖν
1057 807 1315 896 ἀργυροβούλλου
1343 820 1467 900 γραφῆς
1491 811 1533 884 είς

269 933 438 1017 βεβαίωσιν
467 936 523 997 καί
546 930 744 1020 ἐκπλήρωσιν
772 931 814 997 ὧν
844 932 1036 1021 ἐξῃτήσατο,
1062 937 1137 1020 μεθ’
1166 931 1429 1021 ὑπερβαλλούσης
1458 935 1533 1021 ἔσχε

267 1061 324 1122 καί
351 1065 443 1121 τούτο
467 1066 523 1144 τῆς
551 1060 684 1143 χάριτος
711 1061 768 1122 καί
801 1060 897 1128 πλέον
921 1055 940 1145 ή
966 1054 1041 1123 ύσον
1065 1056 1103 1145 ήν
1128 1057 1246 1146 ἀνῆκον
1274 1061 1372 1144 τούτῳ
1400 1059 1533 1123 διδίναι

268 1177 525 1266 ἇργυροβούλλου
554 1184 616 1266 γὰρ
645 1181 775 1267 δύναμιν
800 1181 878 1268 ἔχον
902 1157 954 1246 διά
978 1207 1011 1248 τε
1040 1193 1101 1246 τῶν
1130 1179 1225 1259 ύξέων
1255 1187 1451 1270 γραμμάτων
1480 1185 1536 1246 καί

268 1312 323 1390 τῆς
351 1303 454 1391 ἄλλης
481 1305 686 1391 σημείιύσεως
720 1305 853 1392 χρυσίνη
890 1307 1010 1394 βούλλη
1045 1311 1219 1392 τετίμηται.
1255 1303 1318 1394 ήδη
1353 1309 1413 1393 γὰρ
1449 1309 1535 1392 παρὰ

267 1435 324 1514 τής
352 1429 520 1516 βασιλικῆς
548 1426 653 1515 ἀρχῆς
680 1431 715 1494 τύ
745 1439 805 1494 τιύν
833 1430 993 1496 δεσποτῶν
1018 1428 1141 1516 ἀξίωμα
1171 1431 1268 1515 ἔλαβε
1291 1434 1348 1494 καί
1372 1427 1432 1495 ύπύ
1458 1433 1535 1494 ταύ-

269 1543 337 1639 την
352 1556 408 1638 μὲν
436 1550 517 1617 εἶναι
550 1555 800 1641 κατηγγοήσατο
829 1550 1034 1641 εὐλαβηθείς,
1070 1553 1098 1619 τί
1126 1559 1170 1642 μή
1194 1579 1223 1620 τι
1251 1552 1342 1633 ἄλλο,
1367 1557 1402 1620 τύ
1427 1575 1467 1634 γε
1491 1555 1536 1617 δί-

267 1696 360 1742 καιον
382 1675 470 1755 ἴσως,
496 1680 600 1764 μένειν
624 1677 660 1742 δὲ
683 1681 768 1744 κατὰ
791 1681 900 1764 χύραν
920 1683 980 1744 ,καί
1003 1675 1140 1764 ὅπουπερ
1165 1679 1252 1766 ἐρθη
1276 1689 1458 1764 τοπαρχιῖιν.
1485 1676 1534 1742 ἐν·

267 1801 380 1865 τεῦθον
408 1797 447 1888 ήν
472 1797 634 1886 αὐτῷκαὶ
657 1809 789 1866 τοιαύτα
823 1814 922 1866 ποιεῖν
950 1805 1027 1888 πρύς
1055 1803 1127 1876 τούς
1149 1800 1223 1888 παρ’
1252 1797 1336 1887 αὐτῷ
1369 1807 1534 1888 μένοντας·

268 1921 339 1990 ἀλλ’
363 1924 431 1990 ἐπεί
454 1925 533 1998 θεὸς
557 1920 686 2011 εὐμενὲς
715 1921 764 1990 ἐπὶ
788 1927 823 1990 τύ
847 1935 906 1990 τοῖν
930 1923 1094 2012 Ῥωμαίων
1117 1930 1208 2006 γένος
1231 1924 1306 1992 ίδύν
1330 1931 1432 2012 μύρων
1456 1947 1537 2009 παρ-

267 2049 369 2112 ίδωκε
396 2047 438 2134 τῷ
467 2053 624 2134 κρατίστῳ
653 2047 768 2134 τουτῳῒ
794 2051 918 2132 βασιλεῖ
940 2051 995 2136 τήν
1020 2051 1253 2134 βασιλεύουσαν
1277 2051 1393 2135 ταύτην
1415 2048 1452 2112 ἐν
1476 2053 1535 2113 πύ-

267 2297 447 2382 σχήματος,
472 2293 510 2360 ἐκ
533 2295 644 2360 τούτου
667 2297 777 2362 λοιπύν
801 2293 927 2362 ἅπαντα
950 2301 1035 2362 κατὰ
1058 2299 1154 2378 λύγον
1177 2300 1339 2384 προβαίνει
1362 2295 1444 2380 κτλ]

269 2414 624 2508 ....ύπερραίνοντος
653 2419 805 2507 ἀριθμοί.
830 2421 885 2486 διά
908 2443 957 2486 τοι
980 2431 1072 2488 τούτο
1101 2426 1157 2488 καί
1178 2418 1269 2508 ἡμεῖς
1292 2425 1331 2488 τὰ
1353 2422 1443 2488 καλὰ
1472 2423 1537 2488 διτ-

267 2553 327 2616 τύς
361 2544 595 2629 διαπράττωμεν
622 2543 656 2609 ἐν
691 2543 736 2610 ἑνί
771 2544 849 2632 τῷδε
879 2545 1106 2632 χρυσοβούλλιρ
1133 2542 1223 2633 ἡμῶν
1252 2543 1382 2634 ὁρισμῷ·
1417 2543 1538 2633 ἱλαρῶς

266 2689 299 2732 τε
329 2669 390 2752 γάρ
419 2671 476 2732 καί
501 2667 735 2755 εύμενεστάτως
762 2673 832 2756 περί
860 2672 895 2734 τύ
927 2681 982 2736 τού
1016 2678 1075 2756 κύρ
1109 2668 1287 2756 Ἱλαρίωνος
1321 2674 1535 2758 μονασεήριον

266 2793 463 2877 διακείμεθα
486 2797 542 2858 καί
566 2791 670 2879 ἱλαροί
691 2794 823 2880 δοτῆρες
846 2803 902 2881 τῆς
926 2793 959 2870 ἐξ
980 2790 1069 2881 ήμῶν
1087 2792 1277 2881 αἰτηθείσης
1300 2795 1421 2880 δωρεᾶς
1447 2798 1535 2874 γινύ-

267 2917 356 3002 μεθα
378 2915 422 3002 τῷ
441 2921 718 3003 πανευγενεστάτιρ
741 2916 900 3005 Κομνηνηί
922 2922 977 2982 καί
1007 2921 1211 3004 περιποθήτω
1236 2917 1368 3004 γαμβρῷ
1390 2928 1449 3006 τῆς
1474 2921 1536 3002 βα-

267 3041 387 3114 σιλείας
422 3063 496 3126 μου,
532 3051 591 3128 κύρ
625 3041 853 3127 Κωνσταντίνιμ
885 3043 929 3126 πηῖ
962 3039 1169 3130 Μαλιασηνηῑ.
1205 3039 1297 3116 ούτος
1330 3053 1536 3128 πρυπεριεῖπε

267 3167 323 3248 μὲν
359 3163 633 3251 ἀνθρωποπρεπιύς
668 3169 724 3230 καί
757 3177 949 3252 προκατεῖχε
987 3169 1023 3230 τύ
1057 3175 1198 3232 τοιοῦτον
1238 3169 1451 3254 μοναστήριον
1492 3165 1535 3238 ύς

267 3283 328 3352 ἀπὸ
353 3288 474 3373 δωρεάς
498 3299 552 3354 τού
575 3293 690 3354 κύντου
714 3289 838 3355 ἐκείνου
861 3293 1077 3376 γεγενημένης
1099 3291 1176 3374 πρὸς
1200 3291 1255 3376 τήν
1271 3293 1365 3356 θείαν
1390 3311 1452 3376 μου
1478 3291 1534 3376 τήν

267 3411 466 3492 βασίλισσαν,
501 3409 577 3499 ὅπερ
611 3418 668 3478 καί
702 3415 902 3499 διακείμενον
938 3409 1069 3500 εύρηται
1104 3408 1162 3479 ύπύ
1199 3413 1253 3500 τήν
1287 3415 1441 3501 περιοχήν
1472 3425 1532 3478 τῶν

265 3533 427 3621 Ἁλμυριῖιν
456 3539 540 3602 κατὰ
575 3537 628 3622 τήν
657 3532 771 3602 ούτωσί
798 3517 863 3610 πως
898 3537 1073 3624 λεγομένην
1108 3547 1162 3602 τού
1198 3541 1426 3626 τροπαιορύρου
1465 3538 1534 3604 ἐπί-

266 3665 385 3746 σκεψιν,
416 3657 567 3748 άφηρίθη
590 3663 626 3726 δὲ
654 3671 746 3726 τούτο
774 3657 905 3745 ύστερσν
933 3656 991 3726 ύπύ
1017 3671 1074 3748 τῆς
1098 3659 1195 3752 αύτῆς
1219 3663 1451 3750 ἐπικρατούσης
1477 3673 1533 3750 τῆς

265 3787 375 3870 χύρας
401 3793 461 3848 τῶν
485 3783 647 3871 Ἃλρυρίον
670 3785 834 3871 λαπινικῆς
859 3783 1003 3860 ἐξουσίας
1031 3789 1088 3850 καί
1110 3783 1149 3872 ήν
1173 3783 1254 3851 ούτω
1278 3790 1372 3873 μέχρι
1387 3796 1443 3852 τού
1467 3797 1532 3854 νύν.

267 3908 335 3974 ἐπεί
350 3909 386 3972 δὲ
408 3905 428 3995 ή
453 3917 508 3972 τού
523 3912 605 3974 θεοῦ
628 3913 699 3996 χείρ
722 3904 864 3996 ήύψηλή
889 3907 1054 3995 ἐνίσχυσεν
1079 3905 1164 3996 ήμοῖς
1188 3908 1303 3986 ἐξῶσαι
1327 3915 1383 3997 μὲν
1407 3921 1464 3997 τῆς
1482 3909 1530 4000 ὑφ’

231 4011 232 4014 ¹
265 4029 351 4119 ήμοῖς
375 4030 519 4108 ἐξουσίας
543 4031 588 4098 τύ
608 4033 834 4120 Ρωμαιοβύρον
860 4034 957 4120 ρύλον
982 4036 1092 4098 τύπων
1117 4033 1272 4112 Λατίνων,
1297 4037 1471 4124 ἐρελκύσαι
1495 4038 1531 4100 δὲ

265 4158 343 4240 πρύς
372 4156 504 4230 ἑαυτούς
532 4157 587 4242 τήν
611 4153 767 4242 ύπύνομον
796 4155 902 4232 αύτοῖς
931 4161 988 4222 καί
1012 4154 1170 4247 ύπύφορον
1194 4163 1302 4246 χώραν
1330 4169 1385 4225 τού
1408 4157 1532 4246 Ἃλμυ-

266 4289 332 4363 ρού,
355 4280 539 4366 προσῆλθεν
573 4275 726 4366 ἡμῖνκαὶ
754 4279 899 4366 η’τήσατο
929 4281 984 4366 τήν
1013 4283 1177 4365 βασιλείαν
1214 4305 1273 4368 μου
1301 4285 1417 4370 ταύτην
1445 4282 1533 4369 αύτῷ

264 4404 319 4490 τήν
348 4405 468 4489 δωρεάν
495 4415 682 4490 παρασχεῖν,
719 4408 753 4470 τύ
782 4405 907 4490 δηλαδή
932 4403 1119 4490 ἐλευθερίαν
1147 4409 1459 4492 πραγματεύσασθαι
1489 4411 1531 4494 περ

265 4525 418 4614 εἰρημένῳ
443 4532 645 4616 μοναστηρίιρ
672 4509 727 4592 τού
750 4537 811 4614 κύρ
835 4526 1015 4614 Ἱλαρίωνος
1042 4533 1098 4594 καί
1120 4541 1199 4594 πᾶσι
1223 4538 1286 4604 τοῖς
1309 4527 1531 4618 ύποκειρένοις

265 4655 319 4715 καί
347 4651 548 4740 διαρέροοσιν
577 4647 661 4736 αύτιβ
687 4649 848 4740 ἀκινήτοις
872 4653 1010 4726 δικαίοις
1038 4655 1094 4718 καί
1116 4663 1173 4742 τῆς
1196 4655 1397 4742 δημοσιακής
1421 4653 1532 4731 ἐξάξαι
