3140 5306
51 479 113 562 μετὰ
137 477 191 562 τήν
219 473 362 551 ίξότασιν
389 486 446 566 τῆς
480 476 612 565 όνούσης
648 475 750 544 αύτύν
781 473 967 556 ύκοόίσεας
995 482 1035 546 τό
1064 477 1109 554 τίς
1137 478 1294 569 ἀλήθειαν

51 602 272 686 μαρτυρηθίντα
295 605 352 666 καί
373 599 601 690 ἀπυφανθίντα
625 599 756 668 όνύπιον
780 612 839 667 τῶν
861 613 965 688 μερύνν
989 600 1179 692 ἀμφυτίρων
1205 607 1298 694 ποιή-

52 747 112 789 σοσι
137 723 195 798 όιόιΙ
219 728 445 812 σημειώματος
466 729 523 790 καί
543 727 760 812 παραύιύσωσι
782 727 818 791 τό
846 724 1057 812 ἀδικούμενον
1082 725 1187 815 μέρος.
1217 724 1296 794 ὅθεν

50 850 191 912 καὶκατὰ
214 848 270 935 τήν
294 847 484 936 δεσποτικήν
506 845 595 936 ήμῶν
618 853 675 916 καί
698 851 875 934 σεβασμίαν
898 851 1021 938 ηραφήν
1045 853 1295 939 συναπήλόομεν

51 971 82 1056 τῷ
97 971 224 1057 τοιούτῳ
249 969 462 1052 εόηενεστάτω
486 972 588 1054 όουκί,
613 969 630 1037 ύ
653 995 687 1038 τε
712 977 813 1058 μίηας
837 973 1065 1059 σακελλοίριυς,
1094 971 1111 1040 ό
1135 977 1294 1063 σκευοφό-

52 1095 102 1172 λαξ,
122 1091 341 1174 ὁσακελλίυο,
364 1092 624 1182 όπρωτίκύικος,
648 1093 930 1183 όπρωτανυτάριος
950 1099 1006 1162 καί
1030 1093 1047 1161 ό
1070 1109 1293 1184 πρωτοπαπάς,

15 1249 16 1254 1
51 1221 92 1282 καί
116 1215 209 1307 άμφω
244 1220 526 1306 σονεόριασθόντες
553 1219 587 1284 λν
621 1230 660 1307 πή
696 1217 773 1304 άηίη
800 1217 960 1306 ίκκλησία
986 1229 1043 1307 εής
1077 1217 1126 1286 ἔπ’
1161 1218 1294 1307 όνόρατι

52 1339 178 1428 ἱόρυμίνη
203 1350 260 1408 τοῦ
283 1347 389 1429 τιμίου
411 1347 577 1431 προφήτου
607 1347 664 1408 καί
688 1346 859 1428 βαπτιατυύ
882 1342 1040 1410 Ἰωάννου·
1062 1353 1210 1431 ταρήσαν
1237 1348 1295 1442 καί

15 1493 17 1512 ν
52 1462 72 1528 οἱ
89 1460 313 1550 εύλαβόατατοι
336 1469 474 1553 μοναχοί
496 1476 551 1554 πής
572 1466 775 1554 δηλωθείσης
799 1475 907 1554 μονῆς,
932 1465 950 1532 ό
973 1471 1013 1532 τὰ
1036 1468 1148 1532 όίκαια
1171 1465 1294 1555 ἐπίχεον

15 1561 16 1608 Ἰ
52 1597 91 1652 τού
109 1575 367 1677 καόηηυυμόνου,
391 1599 451 1676 κύρ
473 1588 650 1677 Γερμανύς,
674 1586 692 1654 ό
716 1587 971 1677 ἔκκλησιάρχης,
996 1587 1013 1656 ὁ
1042 1589 1212 1678 οἰκονόμος
1237 1601 1295 1678 της

53 1706 128 1800 αότής
151 1723 251 1800 μονής
274 1717 332 1778 καί
354 1711 384 1778 οἱ
405 1711 516 1800 ἕτεροι,
540 1717 597 1778 καί
621 1711 683 1778 ἀπό
712 1721 767 1778 τυύ
792 1717 907 1799 μόρους
929 1723 985 1779 τού
1005 1718 1294 1800 παρακοιμωμίνου

53 1831 171 1921 όὶερεύς
198 1832 313 1912 αύτού,
340 1833 358 1902 ό
381 1834 516 1922 ὲνερηύν
544 1837 660 1922 δικαίῳ
682 1841 831 1922 πράκτωρ
854 1834 872 1902 ό
896 1837 1071 1922 Θελυλίτης
1095 1835 1250 1922 Ἰωάννης,
1275 1835 1293 1905 ὁ

53 1957 102 2034 υίύς
124 1968 178 2024 τυύ
204 1971 297 2026 παπᾶ
323 1959 474 2048 Μιχαήλ,
497 1959 652 2046 Γειύρηιος
676 1957 694 2025 ό
717 1967 773 2026 τού
795 1959 966 2040 Μάηκιπος
990 1963 1045 2026 καί
1067 1958 1184 2045 ἰτερυι,
1210 1959 1295 2028 ἀλλά

53 2086 93 2146 καί
112 2081 170 2150 ἀπὸ
194 2091 251 2150 τού
273 2087 388 2171 μόρους
411 2091 466 2148 τού
486 2085 776 2163 πανευηενεστάτου
791 2082 961 2172 Κομνηνού
982 2093 1037 2148 τυύ
1054 2082 1170 2150 Ῥαούλ
1184 2089 1294 2170 κρείτ-

52 2227 118 2280 τονες
143 2203 241 2272 οὗτοι·
271 2203 290 2274 ὅ
316 2231 351 2274 τε
384 2205 583 2295 Δαλευρηνός
613 2204 759 2288 Ἰαλόας,
789 2204 806 2272 ὁ
834 2205 1018 2281 Καλοειόάς
1057 2209 1114 2272 καί
1141 2205 1293 2294 ληχύριυι

54 2324 96 2393 υόκ
118 2327 230 2410 όλίηοι.
258 2334 316 2396 καί
348 2335 457 2417 τρύπα
492 2335 549 2417 μίν
584 2325 815 2418 όπανεηνύσόη
843 2333 878 2395 τό
913 2331 1002 2396 όείυν
1036 2334 1093 2396 καί
1128 2331 1294 2415 βασιλικόν

53 2457 229 2541 πρόσταγμα,
254 2453 272 2518 δ
296 2453 325 2518 οἱ
348 2457 486 2541 μοναχοί
510 2451 542 2530 ἒξ
565 2450 730 2542 ἀναφορᾶς
752 2451 948 2539 ἱπορίσανπυ,
972 2451 1018 2528 τὶς
1041 2454 1059 2518 ό
1083 2455 1121 2542 όή
1146 2457 1202 2522 καί
1226 2453 1294 2540 ἀρι-

54 2574 207 2663 ότβοτόρως
235 2577 270 2644 αἱ
297 2574 467 2652 ύποόόσεις
490 2579 719 2663 διελάμβανον,
748 2578 786 2652 ἃς
808 2580 866 2642 καί
888 2576 932 2652 είς
958 2581 1054 2664 μόσον
1077 2583 1294 2664 προτείναντες

55 2697 86 2772 είς
108 2699 245 2776 ἐξέτασιν
273 2705 492 2790 πεποιήκαμεν
520 2703 647 2775 ταύτας.
675 2705 731 2767 καί
759 2700 788 2770 οἱ
812 2705 868 2788 μὲν
897 2705 1034 2788 μοναχοί
1058 2700 1102 2776 εὶς
1127 2704 1295 2787 βεβαίωσιν

55 2823 146 2888 τούτων
163 2833 276 2914 σαφιύς
291 2820 528 2912 ὑπεμίμνησκον
549 2828 603 2890 τόν
619 2847 652 2890 τε
667 2827 778 2911 καιρόν
794 2829 851 2890 καί
871 2819 968 2911 αύτήν
991 2825 1046 2912 τήν
1061 2821 1194 2912 ήρόραν,
1216 2843 1297 2910 παρ-

56 2958 174 3024 ιοιύντες
201 2952 259 3014 καί
283 2951 457 3036 μάρτυρας,
485 2953 542 3014 καί
565 2944 602 3013 ού
631 2951 726 3036 μόνον
753 2951 811 3024 τάς
839 2947 873 3013 όν
899 2951 942 3034 τῷ
972 2947 1130 3035 βασιλικῷ
1154 2967 1295 3035 προσκο-

55 3069 116 3155 νητῷ
145 3069 266 3160 ὁρισμῷ
297 3071 599 3160 όιαλαμβανομίνας
633 3068 804 3147 ύπούόσεις
839 3069 1001 3148 ύπόόειξαν
1036 3069 1115 3136 εἶναι
1148 3069 1292 3159 ἀληθείς,

56 3187 194 3260 ἀλλὰκαὶ
217 3195 329 3282 ίτόρας
350 3197 517 3272 πλείονας,
545 3191 584 3260 δι’
611 3195 649 3270 άς
673 3191 853 3282 ύπόστησαν
876 3198 932 3260 καί
958 3198 1121 3268 κακώσεις
1148 3198 1204 3260 καί
1232 3199 1291 3282 (ηε

57 3320 111 3398 μίας
135 3315 170 3382 ού
198 3323 357 3408 φορητός,
387 3317 419 3395 λε
446 3317 489 3384 ὧν
516 3323 572 3384 καί
599 3315 712 3398 όλίηας
747 3317 1085 3405 ἀπομνημονεύσωμεν.
1113 3315 1248 3405 Μιχαὴλ
1276 3313 1293 3384 ὁ

56 3435 184 3530 Καλόφας
213 3443 465 3529 καί·Θεύόωρυς
494 3439 511 3508 ὁ
539 3441 694 3530 Ἀρμόνης
729 3441 816 3516 όντύς
842 3451 898 3507 τού
927 3439 1083 3526 ἀμπελίου
1111 3451 1167 3528 τής
1195 3449 1295 3530 μονής

18 3587 19 3606 ι
57 3560 155 3630 ίόακαν
182 3567 227 3652 τῷ
252 3563 421 3654 ἡγουμένῳ
451 3570 530 3654 μετά
552 3567 750 3642 λαντζονίσυ,
775 3563 843 3630 εἶτα
866 3565 985 3652 ίύηραν
1008 3567 1060 3631 τόν
1084 3565 1295 3652 μεηαλύσχη-

58 3706 98 3767 μιν
117 3687 272 3774 Ἰάκωβον,
298 3691 350 3756 τόν
374 3693 431 3756 καί
452 3688 630 3776 οίκονύμυν,
655 3692 708 3754 τόν
733 3689 983 3775 μεηαλόσχημον
1007 3691 1063 3754 καί
1084 3687 1295 3776 ίιρομύναχυν

56 3803 212 3898 Γφηηύριον,
241 3815 294 3880 τόν
317 3817 374 3878 καὶ
402 3811 660 3900 λκκλησιάρχην,
689 3811 840 3886 ὡσαύτως
863 3815 919 3878 καί
943 3813 997 3878 τόν
1020 3815 1178 3899 μακάριον
1206 3809 1296 3878 οίκο-

58 3938 128 4015 νόμον
154 3939 206 4002 τόν
232 3935 447 4023 Κρυυλληνόν.
483 3935 654 4010 Βασίλειυς
683 3933 700 4001 ό
727 3935 871 4022 Πονηρὸς
900 3933 1060 4012 ἐτόξευσεν
1088 3933 1206 4015 άλοηον
1233 3929 1295 4000 Νι-

59 4056 154 4123 κολάου
180 4069 236 4126 τού
264 4059 421 4139 Πιλάτου,
449 4064 506 4126 καί
539 4063 722 4144 παραυτίκα
750 4056 907 4148 ύφόφησε,
935 4067 1027 4145 τιμῆς
1051 4055 1086 4122 όν
1114 4054 1294 4143 ύπερπύρων

19 4179 21 4272 ή
60 4175 210 4248 ύεκαυκτύν.
246 4183 423 4269 ἐτράπησαν
458 4184 513 4270 τήν
543 4181 716 4270 ἀποθήκην
743 4191 798 4247 τού
827 4186 1037 4268 μοναστηρίου
1064 4183 1121 4246 καὶ
1148 4179 1295 4266 ἔκλεψαν

61 4297 155 4390 ἔλαιον,
183 4305 295 4381 ἐλαίας
316 4313 372 4372 καί
402 4317 498 4385 σῖτον,
521 4311 578 4372 καί
606 4301 748 4393 εὑρόντες
776 4307 849 4377 τούς
876 4307 1015 4380 κλόπτας
1040 4304 1153 4394 ἔφερον
1179 4299 1295 4376 αύτούς

61 4421 91 4496 εἰς
109 4432 154 4492 τόν
177 4430 291 4518 ἔνοχον
310 4427 422 4506 αὐτῶν,
447 4435 504 4496 καί
527 4427 563 4495 ού
588 4433 683 4516 μόνον
707 4425 755 4494 ὅτι
777 4424 836 4493 οὐκ
853 4426 1037 4495 ἐπαίδευσεν
1061 4427 1184 4506 αύτούς,
1209 4423 1294 4492 ἀλλὰ

20 4563 22 4624 1
61 4551 100 4610 καὶ
117 4547 324 4642 όόεφίνόευσε,
352 4558 409 4620 καί
437 4554 510 4628 πούς
546 4555 708 4641 μοναχούς
740 4548 871 4638 ὑβρίσας
905 4549 1023 4625 ἐδίωξε.
1056 4553 1293 4640 κατερχόμενος

20 4647 21 4708 ἶ
62 4664 195 4752 λἰκόλαος
218 4675 234 4744 ό
259 4677 458 4766 Μαηκούφης
487 4675 549 4744 ἀπό
574 4686 628 4763 τής
652 4685 750 4762 μυνής
773 4673 899 4760 ἐκρότει
927 4673 1036 4740 ἔλαιον
1065 4677 1173 4762 λίτρας
1202 4677 1294 4759 τριά-

21 4787 22 4792 ,
1016 4787 1049 4838 17
1067 4779 1084 4816 ε
