3168 5274
1259 288 1320 352 351

60 473 270 559 περιπόθητον
294 475 381 539 θεῖον
407 483 463 561 τῆς
487 476 651 559 βασιλείας
675 497 746 562 μου,
770 479 823 542 τόν
844 483 1134 558 πανευτενίστατον
1155 481 1320 568 Κομνηνόν

59 607 109 681 ιόρ
125 595 364 664 Κωνοταντίνον
387 602 441 664 τόν
463 597 684 687 Μαλιασηνόν,
706 597 803 666 ἕνεκα
827 611 883 688 τῆς
907 613 1006 690 μονῆς
1023 613 1078 670 τοῦ
1101 614 1160 690 κόρ
1182 603 1322 693 Ἱλαρίο-

57 743 101 793 νος
125 729 184 807 τῆς
207 725 264 786 καί
286 722 490 808 διακειμένης
514 721 546 788 δν
571 733 609 811 τῇ
633 728 724 810 χώρα
746 735 802 791 τοῦ
826 723 999 812 Ἃλμυροό,
1023 724 1122 814 ἥνπερ
1145 735 1203 796 καί
1226 727 1319 794 δαπτ-

57 865 102 929 ρον
124 847 183 932 την
207 848 354 934 τοιαύτην
379 848 477 933 μονὴν
501 844 517 911 δ
541 849 701 935 δηλωθείς
724 851 813 923 θεῖος
833 858 890 936 της
914 851 1079 934 βασιλείας
1104 871 1165 938 μου
1187 852 1320 940 Κορνη-

57 972 101 1042 νός
128 967 145 1034 δ
174 969 384 1056 Μαλιασηνός
412 974 469 1035 καί
492 969 509 1037 δ
533 971 599 1044 υἱός
624 970 721 1038 αὐτοῦ
749 970 766 1037 δ
793 973 963 1062 Κομνηνός
998 985 1037 1062 τῇ
1066 978 1227 1062 σεβασμίορ
1253 998 1317 1043 πα-

56 1105 220 1180 τριαρχικη
249 1105 331 1181 μονη
353 1103 410 1181 τῆς
431 1093 681 1184 Μακρινιτίσσης
704 1099 949 1184 προσεκόρωσαν
973 1107 1028 1162 τοῦ
1052 1098 1131 1163 εἶναι
1158 1103 1215 1164 καί
1237 1123 1316 1166 καπ-

57 1219 189 1302 ἑχεσθαι
222 1217 296 1304 παρ’
326 1215 424 1306 αὐτῆς
455 1218 500 1292 τίς
535 1221 694 1306 μετόχιον.
730 1217 880 1296 ὡσαύτως
908 1221 1079 1307 διορίζεται
1116 1219 1136 1310 ἡ
1169 1225 1316 1307 βασιλεία

55 1364 120 1425 μου,
154 1340 211 1406 ἰ’να
237 1345 363 1432 κατὲχη
400 1341 524 1408 ἅπαντα
551 1340 572 1430 ἡ
602 1313 750 1431 ιίρημίνη
775 1345 855 1431 μονὴ
881 1342 944 1410 ἀπό
968 1355 1023 1411 τοῦ
1047 1355 1100 1411 νόν
1127 1351 1184 1412 καί
1212 1347 1256 1422 τίς
1279 1353 1315 1416 τό

55 1463 130 1552 ἑξῆς,
158 1463 260 1554 ἤγουν
284 1469 319 1530 τό
347 1471 464 1552 χωρίον
493 1469 547 1554 την
571 1466 713 1552 Γρεποός
737 1469 792 1553 τήν
821 1466 926 1533 ἐπάνω
950 1473 1006 1532 καί
1034 1473 1122 1534 κοίτω
1147 1475 1228 1555 μετὰ
1254 1483 1314 1537 τῶν

54 1591 324 1676 προσκαθημένων
348 1588 381 1656 όν
405 1585 486 1677 αὐτη
508 1597 672 1676 παροίκων
695 1596 752 1657 καί
775 1596 900 1656 πάντων
920 1601 982 1656 τῶν
1004 1595 1137 1658 δικαίων
1160 1599 1217 1660 καί
1239 1617 1317 1686 προ-

54 1718 161 1798 νομίων
190 1710 303 1793 αὐτοῦ,
338 1715 394 1800 την
423 1723 482 1801 γῆν
507 1723 563 1780 τοῦ
597 1713 724 1802 Ἀμαρα
748 1725 804 1802 τῆς
838 1715 1066 1803 Κολομβηνῆς,
1101 1721 1154 1781 τόν
1189 1716 1313 1799 Ῥυτόν,

12 1931 13 1938 ρ
54 1839 100 1922 την
121 1835 289 1903 Μίλισσαν
304 1843 361 1903 καί
376 1841 430 1903 τόν
454 1843 548 1905 τόπον
563 1847 619 1905 τοῦ
642 1838 882 1926 Καστροιόιτου,
906 1841 962 1926 τήν
985 1837 1117 1920 Λογγαν
1140 1847 1196 1906 καί
1220 1847 1259 1908 τὰ
1280 1843 1314 1908 δν

54 1959 87 2045 τῷ
106 1960 225 2046 Βοίλτιρ
253 1971 309 2048 τῆς
331 1961 475 2049 Χρεποός
498 1963 656 2066 μονόξυλα
679 1965 713 2039 Re
737 1966 899 2048 μετὰτῶν
923 1961 1036 2030 ἁλιίων
1061 1961 1171 2030 αὐτῶν.
1197 1963 1314 2051 ὁμοίως

53 2081 139 2170 όρίζει
154 2083 176 2173 ἡ
194 2087 344 2169 βασιλεία
360 2107 431 2172 μου,
451 2083 504 2151 ἵνα
524 2084 651 2175 κατόχη
672 2090 707 2152 τό
723 2091 957 2174 πατριαρχικόν
980 2091 1130 2174 μετόχιον
1147 2086 1244 2176 αὐτῆς
1259 2093 1314 2155 τόν

11 2273 12 2278 ,
51 2207 131 2288 ἅγιον
159 2209 347 2298 Ὀνοόρριον
370 2213 451 2296 μετὰ
479 2221 538 2275 των
560 2213 840 2297 προσκαθημένων
872 2209 904 2276 ἐν
934 2207 1019 2297 αὐτῷ
1047 2209 1222 2297 ἀνθρώπων
1256 2218 1313 2279 καί

10 2311 12 2396 λ
50 2337 164 2398 πάντων
180 2344 243 2398 τῶν
255 2335 388 2398 δικαίων
404 2339 462 2400 καί
472 2338 651 2420 προνομίων
669 2331 765 2400 αὐτοῦ
781 2339 837 2398 καί
853 2335 908 2420 τήν
926 2333 1093 2420 ἆντιπόραν
1110 2345 1168 2422 γῆν
1185 2333 1313 2402 ἅπασαν

10 2483 11 2554 ρ
51 2467 100 2520 τόν
109 2457 300 2537 Πολιτικῶν,
314 2459 369 2543 την
382 2455 553 2523 ὑπόστασιν
566 2467 621 2524 τοῦ
635 2459 825 2544 βεσταρχου,
839 2459 894 2545 την
908 2455 1080 2524 όπόσταοιν
1092 2457 1314 2547 Ῥοδανθίνης,

10 2567 11 2590 ³
50 2584 97 2653 τὰς
111 2579 248 2665 ἁλοκὰς,
269 2582 324 2669 τὴν
339 2579 502 2656 Καλίτζαν
523 2585 579 2646 καί
595 2582 650 2667 τήν
666 2581 834 2659 Βαοιλίδα,
859 2585 894 2646 τό
918 2578 1128 2669 ὑδρομυλικδν
1153 2582 1312 2672 ἐργαστή-

9 2761 10 2804 ρ
50 2725 107 2786 ριον
129 2715 187 2771 τοῦ
212 2705 307 2786 ἁγίου
329 2705 515 2792 Ὀνοοιρρίοο
538 2709 594 2770 καί
622 2707 658 2769 τό
681 2703 789 2792 ἕτερον
813 2706 945 2790 μυλικόν
974 2704 1181 2792 ἐργαστήριον
1205 2711 1240 2772 τό
1265 2707 1312 2781 τίς

9 2889 10 2942 ρ
50 2829 93 2912 την
119 2829 334 2916 Δημητριάδα
361 2830 564 2916 διακείμενον
587 2831 722 2916 πλησίον
746 2839 801 2895 τοῦ
828 2827 993 2916 Ναραῑδα,
1023 2829 1095 2901 νοός
1120 2825 1311 2912 ἀμπελῶνας

9 2971 10 3022 3
48 2958 93 3016 καί
119 2959 160 3018 τὰ
188 2955 353 3041 χωράιρια,
384 2951 462 3039 ἅπερ
490 2965 600 3039 κρατεῖ.
628 2955 747 3028 ἔξωθεν
775 2963 831 3016 τῶν
861 2949 1020 3038 ῥηθεισόιν
1049 2949 1252 3018 όπυπτοὶοεων
1277 2952 1309 3016 ἐν

48 3087 78 3162 τῇ
110 3079 245 3165 τοιαύτη
280 3081 372 3165 χώρα
406 3087 461 3165 τῆς
496 3078 730 3166 Δημητριαδος,
765 3079 820 3164 την
848 3076 1026 3153 Καποόναν,
1057 3077 1130 3149 τούς
1158 3075 1309 3162 Βλάχους

47 3201 107 3274 τοός
140 3205 435 3288 προσκαθημένοος
470 3201 591 3277 ἔξωθεν
625 3211 682 3288 τῆς
720 3195 877 3288 ῥηθείσης
915 3200 1088 3286 πολλαχῶς
1127 3202 1309 3287 αεβασμίας

47 3335 133 3412 μονῆς
173 3335 231 3412 τῆς
268 3323 519 3412 Μακρινιτίσσης
562 3329 642 3412 μετὰ
683 3335 738 3389 τοό
780 3321 970 3410 Ἀσωμοίτου
1010 3333 1065 3390 τοῦ
1103 3322 1306 3389 Κατακαλιδν

47 3453 116 3530 μετὰ
142 3453 271 3516 πάντων
299 3459 360 3514 τῶν
387 3449 521 3516 δικαίων
545 3455 600 3514 καί
623 3453 800 3535 προνομίων
830 3443 941 3523 αὐτῶν,
971 3449 1026 3532 την
1053 3445 1223 3536 Πλανηνην
1251 3453 1308 3513 καί

47 3575 90 3634 τόν
127 3577 224 3638 τόπον
264 3583 320 3661 τῆς
355 3571 525 3657 Βοόκοβας
559 3578 616 3638 καί
653 3575 689 3636 τό
728 3567 937 3657 όδρομολικόν
977 3569 1187 3658 ἂργαστηριον
1226 3576 1307 3658 μετὰ

46 3705 95 3758 τόν
135 3695 330 3783 ἀμπελώνων
364 3701 422 3762 καί
456 3701 622 3784 κηπωρίων
657 3706 717 3760 τῶν
750 3696 838 3781 πέριξ
877 3703 932 3781 τῆς
973 3703 1081 3781 μονῆς.
1123 3699 1161 3760 τόι
1205 3692 1307 3780 ἀμπε-

46 3819 99 3898 λια,
134 3819 214 3909 ἅπερ
249 3820 404 3909 κέκτηται
439 3819 471 3886 ἐν
506 3821 549 3908 τῷ
582 3819 730 3906 Ἃλμυρηῐ
765 3823 845 3906 μετὰ
880 3829 941 3884 των
976 3817 1160 3905 οἰκημάτων
1192 3815 1304 3884 αὐτῶν.

45 3953 132 4010 ταῦτα
155 3949 260 4010 πάντα
283 3951 322 4011 τὰ
346 3947 524 4031 λελεγμόνα
551 3945 698 4032 δωρεῖται
720 3939 740 4030 ἡ
766 3943 918 4028 βασιλεία
947 3965 1008 4028 μου
1031 3943 1086 4006 διὰ
1109 3950 1165 4005 τοῦ
1187 3943 1305 4025 παρόν-

46 4083 88 4141 τος
110 4069 368 4156 ἀργυροβοόλλυυ
393 4068 524 4156 ὁρισμοῦ
550 4065 647 4155 αὐτῆς
671 4079 710 4155 τῇ
732 4069 954 4154 προρρηθείση
983 4076 1064 4152 μονῇ
1089 4072 1143 4129 που
1172 4085 1303 4149 περιπο-

45 4193 134 4278 θήτου
159 4193 335 4281 ἐζαδόλρυυ
358 4203 414 4281 της
438 4195 604 4278 βασιλείας
634 4214 705 4278 μου,
734 4193 1025 4272 πανευηενεοτότου
1049 4189 1219 4274 Κομνηνοῦ
1242 4209 1301 4252 κυ-

46 4325 90 4397 ροό
122 4315 288 4383 Νικολάου
315 4328 370 4382 τοῦ
404 4316 625 4404 Μαλιασηνοΐι,
655 4315 697 4390 ὣς
725 4317 926 4402 κληρονόμου
955 4317 1011 4376 καί
1038 4315 1193 4398 κτητορος
1209 4309 1301 4384 ὄντος

48 4437 132 4528 αότης
162 4447 242 4530 μετὰ
269 4447 408 4520 πάντων,
444 4440 487 4516 ὡς
521 4442 657 4529 εἴρηται,
694 4451 753 4505 τόν
788 4440 999 4527 διαφερόντων
1027 4433 1133 4509 αὐτοῖς
1167 4437 1303 4508 δικαίων

46 4569 92 4628 καὶ
116 4573 308 4654 προνομίων,
332 4571 388 4632 καί
415 4567 601 4653 διορίζεται,
629 4564 681 4630 ἵνα
703 4568 829 4650 κατίχη
858 4570 957 4627 ταῦτα
980 4563 1014 4624 τό
1033 4569 1173 4624 τοιοῦτον
1199 4581 1301 4645 μονα-

49 4691 161 4774 οτήριον
196 4687 293 4756 αὐτοῦ
321 4689 384 4756 όιπό
413 4697 468 4755 τοῦ
496 4693 650 4774 παρόντος
685 4693 740 4753 καί
764 4691 864 4774 μέχρι
891 4695 946 4772 τῆς
975 4693 1029 4748 τοῦ
1057 4687 1173 4756 παντός
1208 4685 1301 4748 τοῦδε
