3238 5282
248 269 311 330 404

249 458 279 545 ἡ,
309 459 351 532 ὡς
376 460 506 544 εἴρηται,
537 461 722 546 δηλωθεῐσα
751 462 829 545 μονή
856 469 910 524 τοῦ
934 459 1124 546 Προδρόμοο
1148 455 1283 544 εὑροῦσα
1307 461 1359 523 τόν
1380 464 1522 546 τυχόντα

249 585 434 668 διασεισμόν
469 583 489 670 ή
519 581 655 669 ὄχλησιν
683 582 702 670 ή
728 583 876 669 ἐπήρειάν
905 605 974 648 τινα
999 585 1050 646 ἐπί
1084 583 1128 668 τῴ
1151 585 1328 670 δηλωθέντι
1364 582 1521 670 ἀμπελίιρ.

249 705 347 780 οὕτως
382 704 435 772 οὖν
473 705 623 792 ἀρεσθεὶς
659 711 714 772 καί
749 711 963 796 συμφωνήσας
996 712 1053 772 καί
1087 711 1127 771 τὰ
1161 709 1392 794 διηγορεομένα
1427 705 1523 772 ἐννέα

249 829 407 917 όπέρπυρα
432 834 538 914 λαβὼν
565 830 611 896 ἐπ’
637 830 730 917 ὄψεσι
754 842 813 896 τῶν
838 835 986 896 κάτωθεν
1011 828 1254 917 ὑπογραφόντων
1277 833 1440 917 μαρτόρων
1465 837 1523 896 καὶ

251 961 285 1020 τό
309 959 408 1041 παρόν
434 955 593 1064 ἔγγραφόν
618 977 677 1041 μου
703 953 872 1042 ἐξεθὲμην,
903 953 978 1039 ὅπερ
1003 955 1030 1020 εί
1052 957 1202 1041 τολμήσω
1226 954 1433 1042 ἀρνήσασθαι
1459 979 1522 1041 με·

251 1091 345 1165 ρικῶς
368 1077 387 1166 ή
412 1081 577 1155 καθόλου,
609 1081 651 1164 μή
678 1084 772 1163 μόνον
797 1075 833 1144 οὐ
863 1081 905 1165 μή
930 1078 1162 1164 είσακοόωμαι,
1198 1077 1258 1146 κᾶν
1288 1079 1319 1143 εί
1338 1103 1367 1144 τι
1393 1077 1433 1145 ἂν
1463 1086 1523 1144 καί

251 1207 356 1282 λέγειν
392 1203 599 1290 ἐπιχειρήσω,
629 1203 713 1268 ἀλλὰ
745 1208 801 1268 καί
835 1206 1006 1288 πρόστιμον
1042 1205 1293 1289 ζημιωθήσομαι
1324 1207 1402 1290 πρὸς
1432 1201 1519 1290 ὑμᾶς

251 1331 324 1400 τοὺς
358 1330 666 1406 πανευγενεστάτους
702 1324 877 1412 ὁμοζύγοος
911 1331 967 1390 καί
1001 1329 1079 1412 πρός
1113 1329 1168 1414 τήν
1204 1329 1301 1412 μονήν
1336 1333 1524 1414 νομίσματα

251 1451 410 1538 ὑπὲρπορα
433 1453 637 1536 τριακονταὲξ
664 1453 818 1536 καὶπρὸς
842 1453 877 1514 τό
902 1451 1056 1537 δημόσιον
1084 1454 1119 1514 τό
1148 1451 1306 1538 διαφέρον,
1337 1461 1391 1516 τοῦ
1420 1448 1522 1540 ὅρους

205 1539 212 1560 ⁸
252 1581 425 1662 γραφέντος
459 1587 621 1660 προτροπή
651 1573 712 1660 ἐμῇ
736 1576 790 1638 διὰ
818 1578 925 1660 χειρός
960 1584 1015 1644 τοῦ
1042 1575 1341 1658 πανευλαβεστοίτου
1370 1575 1522 1655 ἀναγνοί-

253 1723 328 1764 στου
356 1709 415 1784 κῦρ
439 1698 679 1764 Κωνσταντίνυυ
707 1709 762 1780 τοῦ
786 1697 946 1782 Ῥαγκαβὲ
975 1705 1031 1764 καί
1055 1700 1288 1784 ταβουλλαρίοο
1316 1709 1370 1785 τῆς
1394 1701 1523 1772 πόλεως

253 1823 412 1908 Ἃλμυροῦ
449 1828 556 1910 μηνί
584 1826 831 1908 νοεμβρίιρ,
860 1823 1163 1894 ἰνδικτιωνος
1190 1828 1383 1909 πρώτης,
1420 1823 1523 1887 ἔτει

253 1947 658 2032 ἑξακισχιλιοστῶ
683 1945 1383 2032 ἑπτακοσιοστῴόγδοηκοστῴ.
1412 1947 1524 2014 οἱκαὶ

253 2072 377 2136 ἄνωθεν
402 2075 486 2138 κατὰ
510 2073 616 2158 λήθην
641 2069 774 2157 ἐγράφη,
800 2069 843 2142 ὡς
868 2068 915 2135 ὅτι
933 2069 1023 2136 ἐννέα
1047 2077 1229 2157 νομίσματα
1253 2069 1413 2158 όπὲρπυρα
1439 2072 1523 2136 ἔλα·
1605 2146 1606 2152 γ

255 2199 309 2279 βον
345 2193 397 2282 ἀφ’
426 2192 510 2279 ὑμῶν
539 2205 598 2258 των
632 2199 926 2273 πανευγενεστοίτων
955 2191 1118 2280 όμοζόγων
1147 2193 1223 2279 ὑπὲρ
1256 2204 1311 2260 τοῦ
1340 2199 1524 2281 τιμήματος

254 2328 308 2384 τοῦ
331 2320 535 2404 δηλωθέντος
564 2317 719 2404 ἀμπελίοο
744 2328 799 2403 τής
824 2329 898 2404 μιᾶς
926 2315 1192 2402 όλοκοτιναραίας
1216 2328 1272 2404 τῆς
1295 2323 1352 2384 καὶ
1374 2321 1523 2404 διαιρου-

255 2447 351 2528 μένης
381 2441 424 2514 εὶς
448 2443 503 2506 δύο
529 2446 693 2528 τμήματα,
725 2440 795 2506 ἀλλ’
820 2438 874 2506 οόν
898 2443 979 2506 δέκα
1003 2447 1183 2528 νομίσματα
1212 2439 1370 2528 ὑπὲρπορα
1398 2443 1523 2526 ἔλαβον

253 2570 308 2630 καί
332 2567 394 2645 ἐγὼ
419 2564 472 2652 ἀφ’
497 2562 595 2651 ὑμῶν,
621 2564 663 2638 ὡς
687 2569 742 2630 καί
766 2564 782 2630 ό
807 2568 950 2650 γαμβρός
975 2589 1035 2650 μου
1059 2565 1076 2630 ό
1098 2565 1264 2651 Μαρτῖνος,
1287 2571 1343 2630 καί
1367 2565 1521 2652 ὁμολογῶ
1606 2649 1607 2658 ¹

162 2715 164 2720 ·
254 2699 345 2754 τοῦτο
371 2687 503 2775 ἀληθῶς
527 2695 583 2753 καί
604 2691 680 2775 δίχα
706 2687 896 2774 ἀναργυρίας
920 2687 1128 2776 οἱασδήτινος,
1155 2694 1228 2778 μηνὶ
1252 2695 1309 2756 καὶ
1330 2690 1522 2764 ίνδικτιωνις

253 2826 315 2886 τοῖς
338 2817 639 2900 προγεγραμμένοις.

339 2955 489 3022 Τοιοῦτόν
520 2957 666 3018 ἐστικαὶ
691 2963 783 3018 τοῦτο
809 2963 862 3018 τοῦ
887 2954 1051 3018 Νικολάου
1074 2953 1186 3040 Βάρδα
1209 2960 1396 3042 πρατήριον,
1421 2957 1439 3021 ὃ
1465 2979 1521 3038 γε·

253 3101 342 3158 γονεν
367 3080 417 3144 ἐπὶ
442 3077 584 3164 ἀμπελίιμ
608 3081 684 3162 πρὸς
708 3079 762 3163 τήν
787 3079 990 3164 δηλωθεῑσαν
1015 3080 1192 3164 σεβασμίαν
1218 3083 1324 3166 μονήν.

464 3343 571 3408 XXXI.
592 3333 823 3420 678041271,
840 3365 947 3408 menso
965 3341 1215 3420 deee111bri‚ind.
1233 3343 1298 3409 XX.

254 3511 389 3563 Μοηαιίιί
405 3513 570 3563 monasterii
582 3511 610 3566 S.
629 3509 742 3580 Georyii
755 3510 940 3564 Canaliorum
955 3511 1079 3564 vendunt
1092 3509 1213 3568 Nicolao
1229 3510 1392 3566 Μαίίαοοαο
1408 3513 1520 3566 vineam

785 3653 815 3704 τίι
831 3651 986 3708 Βαίτειίαο.

255 3804 595 3888 Τόπρατήριον
624 3811 700 3866 τοῦ
730 3802 1522 3889 ἁγίουΓεωργίοοτῶνΚαναλίων’

298 3943 405 4030 ὅπερ
441 3943 668 4031 ἐποίησαν
704 3943 744 4008 οἱ
780 3943 1093 4031 ἱερομόναχοι
1128 3945 1368 4016 Μεθόδιος
1396 3949 1474 4008 καί

365 4087 619 4170 οἰκονόμος
643 4089 720 4149 καί
744 4082 760 4148 ὁ
787 4083 1150 4172 ἐκκλησιάρχης
1173 4087 1407 4171 Βαρλαοίμ.

343 4281 394 4346 Ἐν
424 4279 553 4364 όνόματι
577 4289 631 4342 τοῦ
659 4282 779 4362 πατρὸς
803 4283 859 4342 καί
883 4288 937 4342 τοῦ
966 4279 1033 4344 υἱοῦ
1057 4285 1112 4344 καί
1136 4289 1191 4346 τοῦ
1214 4278 1269 4360 σἰγί
1290 4304 1307 4344 υ
1329 4283 1518 4367 πνεύματος.

255 4405 418 4476 Μεθόδιος
442 4401 653 4489 ἱερυμόναχος
677 4407 733 4466 καί
757 4401 926 4486 οἰκονόμος
951 4411 1006 4488 τής
1031 4389 1208 4488 σεβασμίας
1225 4415 1323 4490 μονῆς
1345 4413 1401 4470 τοῦ
1426 4403 1521 4486 ἁγίου

256 4530 536 4614 μεγαλομσὶρτυρος
564 4525 722 4609 Γεωργίοο
752 4536 811 4588 τῶν
839 4525 1008 4590 Καναλίων
1036 4531 1093 4592 καὶ
1120 4525 1279 4614 Βαρλαὰμ
1308 4528 1520 4616 ἱερομόναχος

255 4651 271 4718 ό
297 4652 534 4737 ὲκκλησιοίρχης
559 4660 613 4734 τής
638 4647 734 4735 αὐτῆς
760 4659 873 4736 μόνης,
899 4651 943 4714 ἔτι
967 4651 1001 4714 δὲ
1023 4655 1078 4716 καί
1098 4648 1188 4737 ἡμεῖς
1209 4651 1238 4716 οἱ
1257 4655 1362 4718 λοιποὶ
1378 4661 1516 4740 μοναχοί
