3190 5284
1332 168 1372 234 ⁷1

83 319 136 433 θη.
162 359 201 434 τῇ
231 362 325 436 μονή,
352 352 581 438 ἐπικυροῦντας
613 357 667 440 τήν
691 367 749 434 τῶν
775 355 939 421 Πλανιτῶν
970 360 1165 441 προσένεξιν,
1199 357 1284 424 ἀλλὰ
1314 363 1371 424 καί

9 481 10 520 ἑ
78 477 260 556 γράμματα
285 484 342 559 της
366 487 601 562 πατριαρχικης
633 479 879 563 μεγαλειότητος
909 483 1045 566 φέροντα
1076 484 1238 566 μάχαιραν
1268 480 1369 570 ἀμφί·

9 571 11 656 ἐ
76 597 206 679 θτριτον
232 601 454 684 πνευματικήν
478 603 562 664 κατὰ
589 609 651 664 τῶν
680 597 949 686 ἐπιχειρησάντων
975 607 1059 668 κατὰ
1083 611 1139 688 της
1165 613 1262 689 μονῆς
1286 625 1367 668 κατ·
1436 595 1440 604 ’

78 719 283 804 ιγσράλιοτο,
321 719 408 786 ἀλλὰ
446 720 503 786 καὶ
538 721 600 802 ἰγῶ
632 720 648 786 ό
684 727 879 810 προρρηθείς
915 724 1088 811 Πετρίτζης
1124 725 1365 814 αίρετισάμενος

78 843 295 928 διενοχλῆσαι
318 849 448 929 ταυτηνί
472 844 528 930 τήν
552 841 646 923 ἁγίαν
670 850 727 910 καί
751 846 928 931 σεβασμίαν
949 849 1118 934 βασιλικήν
1144 850 1242 934 μονήν
1265 848 1364 914 ἕνεκα

79 977 140 1028 τῶν
171 967 326 1030 τοιούτων
355 968 492 1052 δένδρων
520 968 637 1044 δεκαέξ
664 979 725 1032 τῶν
754 970 904 1050 ελαίκῶν,
936 968 1001 1034 ἐπεί
1026 967 1043 1036 ό
1068 974 1211 1058 μοναχός
1240 971 1363 1046 ἐκεῖνος

9 1175 10 1184 ¹
77 1088 272 1174 Νικόδημος
289 1085 348 1154 ύττδ
371 1095 541 1175 παροινίαν
557 1089 596 1178 ήν
620 1101 675 1178 τής
691 1087 847 1178 ἡμετέρας
870 1077 1028 1176 προνοίας,
1055 1090 1131 1158 ὅθεν
1149 1097 1205 1160 καί
1228 1092 1245 1160 ό
1269 1097 1358 1160 καθ-

9 1267 10 1288 ,
77 1215 261 1300 ηγούμενος
297 1223 354 1300 τῆς
378 1215 556 1298 σεβασρίας
594 1223 692 1300 μόνης
716 1225 776 1280 τῶν
802 1213 934 1299 Λέμβυυ
958 1219 997 1280 τὰ
1027 1215 1159 1302 χαρτῳα
1187 1214 1284 1282 αὐτοῦ
1313 1219 1359 1282 δι-

9 1321 10 1334 ’
76 1339 255 1420 καττύματα
284 1335 329 1409 είς
358 1339 456 1421 μέσον
481 1331 570 1424 ήμῶν
593 1341 758 1424 προήγαγε
781 1341 838 1402 καί
862 1337 969 1401 ἐδίδου
998 1339 1290 1418 ἀναγινώσκεσθαι.
1316 1339 1359 1415 ὣς

75 1467 151 1536 γοῦν
177 1458 327 1546 ἔφθασεν
354 1455 375 1546 ή
404 1467 459 1524 τοῦ
482 1469 628 1545 μοναχού
656 1458 845 1546 Νικοδήμου
874 1461 1033 1546 διαθήκη,
1061 1466 1117 1526 καί
1147 1465 1181 1526 τό
1206 1460 1253 1527 ἐπ’
1278 1459 1359 1550 αύτή

73 1583 237 1668 ρρικῶδες
273 1579 428 1668 ἐπιτίμιον
466 1580 697 1670 ἐξτφων[ήθη],
734 1580 838 1656 ἐννεός
864 1581 1022 1662 ἐγεγόνειν
1056 1587 1113 1648 καί
1150 1583 1356 1672 ἀναίσθητος.

73 1706 164 1778 ιίδῶς
189 1705 239 1783 δὲ,
265 1701 308 1778 ὣς
332 1701 408 1770 υύδέ
426 1703 458 1768 ἐν
481 1707 524 1791 τῳ
547 1702 693 1792 ἡμετέρῳ
711 1705 874 1791 πρακτικῷ
897 1705 938 1789 τῳ
965 1715 1020 1770 τοῦ
1044 1705 1205 1795 Πιγκέρνη
1231 1709 1357 1772 ἐκείνου

73 1829 132 1896 τίσί
159 1832 470 1912 καταγεγραμμένα,
495 1832 551 1892 καί
575 1829 688 1900 δεδιὼς
713 1826 755 1911 τῳ
786 1833 874 1914 παρὰ
902 1836 957 1892 τοῦ
985 1831 1065 1892 θεοῦ
1097 1828 1225 1916 ἀφύκτῳ
1254 1851 1355 1895 κατα-

74 1959 222 2037 τρίματτ,
245 1955 328 2036 πρός
356 1954 409 2016 τόν
431 1955 618 2036 τιμιώτατον
641 1952 889 2036 καθηγούμενον
911 1955 1042 2036 ταυτησί
1073 1961 1129 2036 τῆς
1157 1961 1265 2037 μονῆς,
1294 1962 1354 2037 κύρ

70 2075 239 2161 Κύριλλον,
271 2073 443 2159 ἀνέκραξα,
473 2071 516 2146 ὣς
546 2071 707 2158 ἀμέτοχος
732 2071 796 2157 εἰμὶ
827 2067 975 2152 όαύτός,
1008 2074 1117 2146 καλῶς
1144 2078 1202 2138 καί
1232 2071 1275 2147 ὡς
1307 2075 1354 2140 δεῖ

70 2200 365 2286 αρυσττυρωθέντων
394 2205 455 2260 τῶν
483 2197 693 2281 δηλωθέντων
721 2193 857 2258 ἐλαῐκῶν
882 2195 1018 2279 δένδρων
1042 2193 1074 2259 ἐν
1099 2197 1142 2282 τῳ
1168 2206 1223 2284 τοῦ
1246 2217 1351 2262 πανα-

70 2327 136 2402 γίυυ
165 2343 230 2406 μου
262 2318 479 2404 Πυλοιιάρπου
510 2321 589 2404 θείῳ
613 2316 689 2404 ναῷ·
722 2316 875 2390 ἀσύνετος
906 2321 967 2402 γὰρ
999 2319 1237 2404 λογισθήσεται
1268 2317 1285 2384 ό
1310 2325 1350 2384 τὰ

70 2449 277 2531 δικαιώματα
292 2447 450 2528 ’τηρήσας
478 2450 578 2504 ταῦτα
606 2450 661 2504 τοῦ
690 2449 769 2504 ναοῦ
798 2449 852 2504 τοῦ
876 2442 969 2504 θείου
994 2439 1206 2524 Πολυκάρπου
1230 2447 1287 2506 καί
1311 2439 1347 2506 ού

73 2571 111 2655 μή
134 2571 263 2654 συνήσγγ
289 2571 346 2630 καί
370 2563 587 2651 ἀπυρεύξηται
609 2565 784 2648 πόρρωθεν.
813 2560 829 2626 ό
854 2563 889 2625 δέ
914 2583 949 2644 γε
974 2572 1029 2648 της
1054 2575 1152 2652 μονής
1176 2577 1236 2628 τῶν
1261 2564 1348 2650 Λέμ-

76 2697 127 2776 βου
143 2689 597 2778 τιμῶτατοςκαθηγούμενος
620 2689 675 2748 καί
700 2683 729 2748 οἱ
753 2681 802 2748 ὁπ’
827 2679 922 2750 αύτύν
947 2691 1094 2771 μοναχοί,
1118 2685 1239 2760 ίδόντες
1265 2686 1346 2752 ἀπο·

77 2819 275 2901 βαλλόμενον
304 2815 345 2876 τά
372 2818 505 2874 τοιαῦτα
537 2807 653 2872 ἐλαῖκὰ
679 2807 809 2892 δένδρα,
842 2805 1000 2896 ἐζήτησαν
1031 2807 1087 2872 καὶ
1118 2809 1158 2872 δι’
1190 2807 1346 2895 ήμετέρου

76 2939 235 3027 ίγγράρου
270 2935 540 3021 προσκυρωθήναι
567 2935 607 2996 τά
630 2931 804 3016 πολλαχῶς
827 2931 1010 3016 δηλούμενα
1037 2932 1152 3015 δένδρα
1180 2943 1219 3018 τῇ
1248 2934 1344 3015 σεβα-

76 3070 146 3146 σρία
168 3065 228 3126 καί
248 3058 328 3142 ἀγίογ
352 3057 503 3142 βασιλική
527 3065 610 3140 μονή
626 3064 686 3118 τῶν
710 3051 851 3138 Λέμβου,
877 3052 972 3118 ἔνθεν
997 3076 1045 3118 τοι
1060 3058 1116 3118 καί
1139 3052 1243 3128 οὐδεὶς
1259 3057 1344 3120 πόδα

76 3186 130 3252 ἀπό
157 3185 257 3250 τοῦδε
286 3180 458 3259 ἐπαγαγεῖν
486 3177 530 3251 εὶς
558 3181 597 3242 τὰ
625 3185 755 3241 τοιαῦτα
790 3176 905 3260 δένδρα
939 3181 994 3240 καί
1022 3173 1156 3262 ὄχλησιν
1192 3188 1230 3264 τη
1259 3189 1342 3265 μονῇ

76 3311 238 3394 ἐσβαλεῖν,
265 3304 337 3370 ἀλλ’
363 3302 494 3388 ἀπέχειν
517 3301 625 3364 τέλεον
650 3297 712 3362 ἀπό
736 3301 852 3364 τούτων
876 3310 914 3385 τή
939 3296 1095 3386 ἐμφανείογ
1118 3309 1177 3364 τῶν
1201 3304 1340 3386 προσόν-

75 3455 123 3498 των
150 3431 310 3519 χαρτῴων
338 3427 562 3510 δικαιωμάτων
591 3426 648 3486 καί
675 3431 730 3486 τοῦ
759 3421 926 3508 ἐσύστερον
955 3427 1123 3502 γεγονότος
1152 3421 1340 3513 ἐκδοτηρίου
1410 3443 1412 3448 ·

74 3557 237 3644 ἐγγράφου,
272 3551 301 3616 εί
323 3555 380 3614 καί
404 3551 447 3634 μή
479 3549 627 3632 βούλεται
651 3543 667 3609 ὁ
692 3543 786 3618 αὐτός
818 3543 1060 3610 ἐπισπάσασθαι
1088 3551 1145 3620 τὰς
1177 3547 1337 3610 πολυπλό-

73 3703 137 3754 κους
161 3680 248 3764 ἀρὰς
271 3685 332 3740 τῶν
357 3671 391 3736 ἐν
415 3683 454 3757 τή
480 3671 627 3755 διαθήκη
653 3667 960 3754 ἐμπεριειλημμένων
990 3666 1087 3747 ἁγίων
1116 3681 1175 3734 τῶν
1204 3667 1337 3758 ἀποχωγ·

73 3809 208 3890 μζόντιον
248 3797 344 3864 αύτόν
378 3794 441 3860 ἀπό
472 3803 528 3880 τῆς
560 3802 619 3856 τῶν
651 3791 839 3876 χριστιανῶν
876 3789 1003 3874 μερίδος
1036 3793 1092 3854 καί
1123 3791 1164 3874 τῳ
1198 3791 1337 3876 προδότη

73 3929 161 4012 Ἰούδα
182 3923 507 4010 ἐσομτρισθήσονται,
537 3915 682 4002 ἐμμένειν
706 3915 741 3976 δὲ
765 3913 819 3998 τήν
847 3916 1011 3998 παροῦσάν
1036 3935 1095 4000 μου
1121 3911 1249 4000 ἀσφαλῆ
1280 3911 1333 3990 έγ-

74 4071 178 4140 γραρον
204 4047 485 4134 ἀπαράθραυστον
507 4041 563 4104 καί
588 4039 719 4120 βεβαίαν
744 4033 789 4110 τίς
813 4035 885 4106 τούς
910 4033 980 4120 ίξῆς
1003 4039 1060 4100 καί
1081 4035 1235 4120 διηνεκεῖς
1259 4037 1335 4120 χρό-

9 4151 10 4160 ¹
74 4197 142 4252 νοις,
169 4171 214 4248 ὡς
243 4171 356 4242 καλῶς
391 4167 449 4230 καί
484 4161 515 4226 ἐν
544 4163 632 4249 φόβῳ
667 4163 747 4223 θεοῦ
775 4163 940 4236 γεγονυίαν
970 4155 1018 4222 ἐπὶ
1048 4170 1087 4244 τη
1115 4167 1175 4222 τῶν
1198 4155 1335 4242 Λέμβων

76 4299 136 4383 ἁγίῳ
155 4302 213 4362 καί
238 4292 398 4379 βασιλική
424 4298 505 4372 μονή
526 4289 581 4349 καί
604 4284 766 4368 ἐρρῶσθαι
789 4285 844 4344 καί
867 4281 1079 4363 βεβαιοῦσθαι
1096 4280 1150 4378 είς·
1164 4282 1217 4344 τόν
1234 4278 1334 4343 αίῶνα

75 4426 113 4486 ,γρ
134 4421 274 4496 ἅπαντα,
306 4419 422 4501 μέχρις
451 4409 489 4472 ἂν
518 4404 647 4492 όῆλιος
670 4407 705 4468 τό
729 4415 790 4467 πᾶν
821 4401 933 4489 ἐφορῳ,
959 4407 1132 4488 γραφέντος
1157 4413 1211 4466 τοῦ
1236 4399 1333 4489 ὕφους

77 4545 203 4633 ςηὴμῶρ
227 4547 398 4630 προτροπή
423 4535 476 4597 διὰ
501 4532 609 4616 χειρός
633 4529 776 4596 Ἰωάννου
800 4527 964 4601 διακόνου,
990 4534 1122 4608 νομικοῦ
1147 4535 1202 4611 τῆς
1227 4524 1330 4611 Σμύρ
