3140 5284
300 271 362 337 192

298 469 567 546 Κάλλιστος
590 475 743 559 παρόν
766 478 844 538 καί
868 469 1007 547 αύτός
1029 477 1104 538 καί
1128 481 1370 559 μαρτυρῶν
1393 469 1568 553 γράψαι

171 615 190 648 ⁸
297 589 592 682 ύπίγραψαγ.

579 841 641 910 OX.
658 843 890 922 6744-1236,
908 861 1014 915 ιυονιυο
1031 840 1134 930 aprili,
1151 841 1217 908 ind.
1233 841 1285 908 IX.

513 989 640 1046 Ῑοαιιυεν
655 989 900 1046 Ιίύαόάυοαποαικ
913 993 1085 1048 monasterio
1099 1007 1231 1064 σαπιρνπι
1245 989 1350 1048 mist.

384 1155 486 1238 ’ρΤό
517 1163 776 1246 πρατήριον
811 1159 1046 1250 ἔγγραφον
1081 1168 1158 1224 τοῦ
1192 1124 1568 1242 Ῥαβῦοκανάκη,

295 1290 375 1368 τῆς
403 1285 628 1361 γυναικός
664 1279 805 1348 αὐτοῦ
832 1288 910 1351 καί
945 1293 1023 1371 της
1049 1285 1285 1370 πενθερᾶς
1311 1285 1452 1369 χάριν
1485 1291 1568 1344 τῶν

295 1403 1292 1495 χοραρίιυντῦνόντυνεῖςτόόημόοιυντ.

384 1544 468 1626 †‘0
496 1547 665 1620 όοῦλος
698 1555 775 1612 τοῦ
810 1555 1039 1636 κραταιοῦ
1068 1550 1146 1612 καί
1175 1544 1312 1628 ἁγίου
1339 1539 1464 1632 ἡμῶν
1496 1541 1568 1609 αύ-

294 1673 466 1738 θίντου
500 1671 579 1736 καί
614 1668 845 1756 βασιλέως
878 1669 1091 1758 Ἰωάννης
1124 1667 1141 1734 ό
1177 1667 1568 1756 Ῥαβόοκανοίκης

294 1794 916 1882 οἱκείαχειρίπρυίπαεαγ.

382 1935 493 2017 Σίγνα·
525 1933 647 2022 Ἀννης
677 1943 734 2022 της
768 1935 903 2016 συζύγου
933 1931 1031 2001 αὐτοῦ
1062 1938 1118 2000 καί
1150 1932 1279 2022 Μαρίας
1312 1944 1368 2022 της
1401 1935 1568 2018 πενθερᾶς

293 2053 402 2124 αύτοῦ.
1039 2091 1042 2098 ·

382 2197 478 2280 †’Ev
508 2195 641 2286 όνόματι
668 2221 700 2266 κ.
728 2222 754 2265 τ.
784 2197 808 2265 ἑ.
834 2195 852 2265 ό
880 2199 995 2276 δοῦλος
1018 2209 1072 2267 τοῦ
1095 2208 1249 2287 κραταιοῦ
1272 2202 1329 2264 καί
1356 2195 1457 2280 άγίου
1473 2193 1568 2285 ἡμῶν

292 2319 452 2389 αύθίντου
472 2327 529 2389 καί
550 2323 719 2408 βασιλίας,
742 2321 889 2410 Ἰωάννης
913 2321 1224 2412 όῬαβόοκανάκης,
1248 2327 1304 2390 καί
1317 2322 1420 2392 ’Άννα
1444 2319 1465 2410 ἡ
1485 2343 1568 2408 γνη-

295 2453 351 2514 σία
379 2449 513 2528 σύίυγος
540 2450 665 2531 τούτου,
695 2445 796 2536 ὁμὲν
818 2447 1035 2536 υίκειοχείριυς
1060 2450 1232 2535 προτάξας,
1260 2441 1280 2536 ἡ
1305 2447 1341 2513 όί
1366 2443 1568 2534 αύτοχείριυς

292 2573 346 2638 τόν
374 2577 475 2658 τίμιον
503 2569 560 2638 καὶ
588 2575 742 2648 ίιυοποιόν
771 2575 908 2660 σταυρόν
937 2569 1146 2660 ἐγχαράξασα
1173 2574 1229 2660 τὴν
1257 2580 1420 2659 παροῦσαν
1446 2573 1568 2656 συμβί-

293 2698 386 2780 βασιν
414 2706 474 2761 τῶν
503 2697 653 2762 κάτωθεν
681 2697 964 2784 δηλωθησομίνυν
993 2695 1162 2784 χωραρίαν
1183 2747 1189 2762 .
1212 2745 1221 2764 .
1243 2746 1251 2762 .
1274 2747 1282 2763 .
1305 2705 1459 2782 ποιοῦμεν
1477 2747 1484 2760 .
1505 2745 1512 2758 .
1532 2745 1565 2760 ..

289 2822 369 2908 πρός
402 2823 452 2902 σὲ,
481 2821 534 2896 τόν
561 2823 798 2886 πανοσιύτατον
826 2821 1074 2907 καθηγούμενον
1102 2829 1158 2907 τῆς
1182 2823 1360 2906 σεβασμίας
1390 2819 1566 2906 βασιλικῆς

291 2953 390 3031 μονῆς
425 2953 482 3032 τῆς
521 2939 697 3030 ύπεράγνου
734 2939 823 3031 ἡμῶν
858 2945 1061 3030 θεομήτορος
1095 2951 1151 3030 της
1188 2941 1446 3032 Λεμβιατίσσης,
1471 2937 1566 3028 κόριν

290 3065 418 3134 Παῦλον
442 3087 472 3134 κ.
498 3091 525 3133 τ.
550 3063 575 3134 ό.
604 3071 661 3132 καί
684 3069 744 3154 γὰρ
769 3071 808 3133 τὰ
826 3069 981 3155 ηαράφια
1004 3069 1043 3132 τά
1071 3061 1148 3132 όντα
1170 3071 1226 3132 καί
1252 3067 1441 3154 διακείμενα
1465 3064 1500 3132 ἂν
1526 3075 1565 3153 τῇ

290 3196 467 3277 τοποθεσία
501 3201 557 3258 τοῦ
590 3191 753 3280 Δημοσίυυ
787 3189 844 3257 καί
879 3189 941 3258 ἀπό
979 3193 1112 3277 προικός
1145 3189 1354 3278 περιελθόντα
1387 3185 1463 3276 ἡμίν
1499 3199 1564 3262 τοῖς

290 3314 458 3402 όμοίύγοις
487 3315 521 3393 it
556 3313 678 3402 ἀγοράς
704 3317 916 3404 περιελθόντα
944 3317 1018 3390 τούς
1054 3311 1213 3391 αόθόντας
1240 3317 1296 3381 καί
1325 3323 1428 3396 γονεῖς
1459 3309 1562 3402 ἡμῶν,

290 3437 367 3523 ἐμοῦ
391 3439 426 3504 όί
450 3449 505 3506 τοῦ
527 3437 777 3528 Ῥαβόοκανάκη
801 3443 970 3528 πενθεροῦ,
994 3437 1093 3528 ἤγουν
1118 3437 1179 3507 ἀπὸ
1205 3449 1264 3506 τόν
1280 3435 1562 3524 Γουναρυποόλιον,

289 3563 404 3634 καθὼς
431 3565 470 3627 τὰ
501 3573 561 3629 τῶν
592 3565 741 3630 τοιούτων
765 3571 936 3654 χωραρίεον
963 3568 1122 3652 πρατήρια
1146 3563 1293 3652 ύγγραρα
1314 3563 1562 3648 πλατυκιύτερον

289 3689 460 3772 παρίστησι
487 3689 527 3751 τά
556 3689 673 3753 τούτοιν
703 3693 907 3775 γνωρίσματα
934 3691 990 3754 καί
1018 3689 1070 3752 τόν
1098 3689 1300 3775 πλησιασμόν
1325 3681 1441 3766 αὐτῶν,
1468 3685 1561 3774 ιίχο-

290 3829 346 3894 μεν
374 3808 409 3872 όό
439 3805 519 3875 αύτὰ
552 3805 644 3898 ἡμεῖς
673 3811 704 3878 οἱ
733 3809 886 3900 όμόζυγοι
910 3809 1109 3899 ἀπερικόπυος
1137 3816 1193 3877 καί
1221 3809 1404 3898 ἐνεμόμεθα
1434 3809 1477 3884 ύις
1502 3812 1560 3876 ue-

289 3935 405 3997 σπόται
429 3927 546 4012 αότῶν,
572 3931 619 4000 ότι
643 3936 678 4000 όί
703 3932 720 4001 ό
744 3939 896 4021 κραταιός
919 3939 975 4001 καί
998 3933 1090 4015 ἅγιος
1118 3931 1206 4024 ἡμῶν
1231 3929 1390 4025 αύθίντης
1415 3939 1474 3999 καί
1500 3937 1560 4020 βαέ

289 4055 394 4130 σιλεύς
425 4053 610 4146 ἐδωρήσατο
639 4061 674 4124 τό
703 4064 821 4146 χωρίον
845 4062 901 4148 τὴν
927 4059 1035 4148 Βάρην
1060 4071 1099 4146 τη
1122 4063 1209 4146 παρὰ
1236 4071 1291 4146 τῆς
1315 4069 1474 4144 κραταιᾶς
1503 4043 1559 4125 καύ

288 4177 384 4261 ἁγίας
421 4181 587 4266 βασιλείας
626 4179 723 4248 αότοῦ
763 4181 800 4248 ἐκ
835 4189 907 4250 νόου
942 4181 1155 4270 ἀνεγερθείση
1193 4179 1344 4271 εἰρημόνη
1380 4192 1463 4270 μονη
1500 4193 1558 4291 τῦη

285 4303 423 4392 Λόμβυν
458 4301 516 4370 καὶ
539 4311 785 4395 κατεκράτησας
817 4307 865 4387 σύ,
893 4303 911 4372 ό
944 4312 1182 4382 πανοσιότατος
1208 4309 1470 4395 καθηγούμενος,
1500 4315 1557 4457 κῦμ

285 4425 426 4510 Παύλος,
454 4425 498 4503 ὣς
519 4431 826 4518 δικαιολογούμενος
853 4435 940 4519 παρὰ
966 4435 1070 4497 πάντα
1097 4433 1223 4498 δίκαιον
1247 4432 1357 4511 λόγον,
1386 4449 1556 4526 κατακραιἶ

286 4559 402 4638 τοῦμεν
430 4549 523 4641 ἡμεῖς
547 4554 577 4620 οἱ
600 4553 754 4641 όμόζυγυι
777 4559 817 4621 τά
840 4564 972 4622 τοιαῦτα
995 4560 1158 4644 χωράρια,
1187 4559 1244 4622 καί
1267 4551 1316 4620 ότι
1339 4555 1413 4620 ούόί
1439 4553 1469 4620 οἱ
1495 4551 1556 4625 αύί

287 4677 399 4740 θίνται
427 4680 484 4741 καί
512 4689 614 4757 γονεῖς
646 4673 735 4766 ἡμῶν
771 4677 971 4766 ἐξανύσαντο
1000 4673 1081 4745 αὐτὰ
1109 4677 1172 4744 ἀπό
1201 4691 1262 4746 τῶν
1288 4679 1555 4791 Γουναροπούλαη
