3140 5284
305 263 366 326 188

301 477 358 544 φια
385 459 442 520 καί
465 457 560 522 λοιπὰ
588 455 638 521 ἐπί
661 465 716 544 της
742 457 906 542 βασιλείας
929 466 984 522 τού
1013 454 1160 543 ἀοιδίμου
1184 456 1352 550 βασιλέως,
1373 463 1475 542 κυρού
1501 453 1563 521 Μαί

301 580 399 666 νοοήλ
422 589 477 646 τού
493 579 673 666 Κομνηνοῡ,
697 583 753 645 καί
776 575 862 666 εύρεν
886 577 903 645 ό
928 579 1087 668 δηλωθείς
1113 582 1255 666 μοναχύς
1279 582 1314 645 τό
1338 587 1483 644 τοιοῦτον
1508 603 1563 665 χω

301 707 413 791 ράφιον
442 701 530 776 έντός
564 699 598 766 όν
627 711 687 768 τῶν
715 708 885 792 χωραφίων
922 713 977 790 τής
1006 703 1116 792 Βάρης
1150 707 1206 768 καί
1232 708 1319 790 παρὰ
1354 713 1414 768 τῶν
1445 702 1563 768 ἀνωδει

303 827 536 913 Πρινοβαριτιδν
560 831 731 913 νεμόμενον
756 829 874 912 βιαίως,
900 829 980 913 μετὰ
1003 828 1039 892 δέ
1062 831 1185 892 πάντων
1210 838 1269 894 τῶν
1294 824 1353 894 ύπό
1381 827 1436 914 τήν
1464 827 1560 913 Βάρη

303 947 340 1036 ἦν
370 945 631 1035 ἀνακαλούμενος
659 955 716 1014 καὶ
740 947 817 1015 αύτό
841 951 876 1014 τό
909 947 1133 1036 ἐπιλεγόμενον
1157 955 1322 1039 χωράφιον
1354 958 1410 1016 τού
1434 949 1563 1014 Σπανού

303 1070 345 1146 ὡς
369 1068 396 1136 δ’
423 1067 514 1139 ούδὲν
538 1071 639 1160 ἤνυεν,
665 1073 820 1140 εἰσελθὼν
845 1072 877 1138 έν
901 1083 940 1160 τη
962 1075 1053 1139 πόλει
1077 1071 1094 1138 ό
1117 1075 1172 1162 τήν
1196 1073 1304 1162 Βόρην
1329 1072 1372 1158 τῷ
1394 1077 1466 1137 τότε
1492 1083 1563 1158 κραί

302 1208 362 1262 τῶν
392 1199 533 1282 μοναχός
563 1195 726 1285 ἀναφορὰν
756 1197 930 1284 ἐποιήσατο
964 1202 1034 1284 περί
1059 1201 1199 1278 πάντων,
1236 1197 1320 1263 ἀλλὰ
1352 1197 1391 1284 δή
1419 1201 1479 1261 καί
1506 1199 1563 1280 περ

303 1329 358 1384 τού
386 1321 527 1385 τοιούτου
555 1323 720 1408 χωραφίου
743 1324 821 1407 πρός
844 1323 896 1386 τόν
925 1321 1173 1408 καθηγούμενον
1200 1331 1256 1410 τῆς
1284 1329 1382 1408 μονῆς
1406 1329 1463 1384 τού
1488 1319 1563 1385 Παν

303 1447 508 1531 τὀκροίτορος,
532 1448 588 1508 καί
610 1443 644 1517 ὃς
667 1447 745 1532 πρός
761 1447 813 1510 τόν
831 1441 968 1528 βασιλέα
985 1447 1037 1509 τόν
1062 1443 1152 1524 ἅγιον
1175 1443 1421 1532 ἀνέδραμε,καί
1445 1442 1563 1530 όρισμύ

304 1564 471 1653 έπορίσατυ
494 1569 571 1653 πρός
595 1569 648 1631 τάν
673 1565 860 1653 ἐνεργοῦντα
883 1571 952 1632 τότε
966 1569 1012 1656 ντό
1036 1569 1193 1646 δουκοίτον
1220 1575 1274 1632 τού
1298 1567 1487 1654 Θρακησίόυ
1511 1563 1563 1631 Κυ

295 1693 534 1777 ριακούτῑικον,
560 1688 813 1779 ἀναψηλαφήσαι
835 1694 891 1758 καί
912 1699 1049 1778 τηρῆσαι
1073 1692 1129 1780 τήν
1153 1699 1208 1758 τού
1232 1695 1397 1780 χωραφίοο
1421 1687 1563 1756 ύπόδεσιι

302 1819 359 1880 καί
386 1812 653 1901 ἀποκαταστῆσαι
681 1813 713 1879 έν
745 1809 830 1902 αύτῷ
853 1817 905 1880 τόν
929 1815 1164 1900 δικαιούμενον,
1188 1811 1231 1889 ὧς
1254 1815 1297 1880 δέ.
1314 1812 1497 1901 ἀντδήμησε
1520 1819 1563 1878 κιύ

303 1939 375 2012 τούς
398 1937 632 2026 Πρινοβαρίτας
656 1935 786 2002 εἵλκυσε
802 1938 909 2014 δείξαι,
937 1934 1021 2012 ὅπως
1044 1943 1220 2024 κατέχουσι
1236 1940 1271 2003 τύ
1295 1939 1443 2025 δηλαδέν
1461 1941 1563 2025 χωροίί

303 2083 373 2152 φιον
400 2061 421 2151 ἢ
450 2059 483 2138 ἐξ
511 2060 687 2148 ἀγορασίας
716 2060 737 2149 ἢ
763 2059 800 2126 έκ
829 2062 1038 2148 παραλύσεως
1068 2061 1221 2148 δουκικῆς
1244 2059 1264 2148 ἢ
1289 2059 1352 2128 ἀπό
1382 2071 1563 2148 χαριστικῆί

302 2185 453 2275 ἢᾶλλως
481 2183 524 2260 ύς
548 2183 578 2249 οἱ
602 2189 796 2272 κατέχοντές
825 2205 893 2250 τινα
924 2183 1075 2273 ἀκίνητοι,
1099 2183 1159 2252 ούκ
1190 2181 1400 2274 ήδυνήδησαν
1427 2187 1532 2261 δεῖξαι
1553 2183 1563 2252 ί

305 2311 479 2398 ἐμφανίσαι
507 2331 534 2373 τι
563 2310 726 2394 δικαίωμα
754 2309 800 2374 ἀπ’
831 2303 924 2395 αύτῷ,
952 2306 1023 2374 ἀλλ’
1046 2306 1066 2396 ή
1092 2311 1178 2395 μόνῳ
1201 2307 1381 2394 δυναστικηῐ
1403 2307 1447 2395 τῷ
1470 2313 1563 2394 τρόπη

304 2437 361 2498 καί
393 2435 482 2517 βιαία
509 2435 592 2519 χειρί
620 2430 778 2518 ἐκρότησε
806 2435 863 2496 καί
899 2430 1057 2519 ἐζημίωσε
1086 2433 1160 2508 τούς
1183 2431 1427 2518 Πρινοβαρίτας,
1455 2436 1514 2498 καί
1537 2429 1563 2518 ήί

307 2562 408 2644 ζητῶν
436 2561 492 2621 καί
520 2559 576 2629 τὰς
612 2558 822 2644 συνεισφορόις
850 2557 1073 2639 τούτοιούτου
1100 2561 1275 2645 χωραφίσο,
1303 2559 1359 2622 καί
1383 2553 1563 2622 ἀποσπείσαί

304 2690 398 2746 τούτο
422 2677 484 2745 ἀπό
508 2690 568 2744 τῶν
589 2679 822 2766 Πρινοβαριτῶν
846 2676 1001 2744 κάκεῖθεν
1023 2675 1138 2754 αύτούς
1162 2678 1316 2758 ἐκδιιύίας
1332 2677 1563 2766 ἀποκατέστησι

304 2813 397 2872 τούτο
421 2803 465 2878 ἀς
489 2807 524 2868 τό
548 2804 696 2890 δηλωθέν
720 2806 836 2888 χωρίον
859 2803 915 2888 τήν
938 2801 1048 2890 Βάρην
1071 2805 1127 2890 τήν
1151 2799 1209 2868 ύπύ
1233 2803 1288 2889 τήν
1313 2803 1409 2890 μονήν
1433 2804 1477 2888 τῷ
1505 2807 1563 2870 τότιί

305 2926 403 2995 ούσαν
437 2937 492 2994 τού
520 2927 799 3013 Παντοκράτορος,
833 2935 886 2990 νύν
910 2925 946 2990 δέ
970 2922 1067 2992 ούσαν
1103 2921 1161 2992 ύπύ
1185 2927 1240 3013 τήν
1275 2927 1444 3014 βασιλικήν
1474 2927 1563 3013 μονήί

304 3063 365 3118 τόν
391 3051 538 3139 Λέμβων,
562 3055 618 3116 καί
645 3047 727 3136 ἦμεν
756 3049 866 3114 ἔκτοτε
889 3052 1058 3136 νεμόμενοι
1081 3046 1158 3116 αύτό
1183 3047 1278 3136 μέχρι
1301 3059 1355 3114 τοῦ
1379 3059 1440 3116 νῦν.
1466 3059 1563 3135 παραί

305 3181 498 3264 τηρήσαντες
525 3175 560 3240 δέ
588 3175 700 3260 καιρόν
732 3182 787 3260 της
814 3181 869 3237 τού
900 3174 1151 3260 καθηγουμένου
1181 3169 1271 3260 ἡμῶν
1306 3171 1490 3260 ἀποδημίας
1521 3171 1563 3258 (τήν

306 3305 367 3386 γὰρ
396 3296 488 3373 ούτος
513 3297 685 3385 ἀποδημῶν
709 3297 762 3361 διαί
781 3317 869 3369 τινος
892 3293 1072 3375 ἀναγκαίας
1095 3299 1151 3362 καί
1175 3293 1409 3384 ἀπαραιτήτους
1432 3307 1491 3384 της
1514 3319 1563 3384 μο·

301 3387 361 3510 ύής
395 3424 559 3501 δουλείας)
597 3421 766 3504 δυναστεία
802 3422 1003 3506 χρησόμενοι
1041 3417 1071 3486 οἱ
1108 3419 1335 3506 Πρινοβαρίται
1372 3421 1563 3508 εὶσήλδοοαν

306 3545 455 3632 ἀναρχίας
483 3547 564 3630 μετὰ
592 3545 741 3630 τοξαρίων
768 3541 826 3607 καὶ
860 3539 1010 3628 ἁρμάτων
1039 3539 1088 3608 ότι
1121 3543 1247 3608 πολλῶν
1275 3547 1332 3610 καί
1361 3549 1563 3630 κατέσπειραν

308 3672 387 3757 μετὰ
411 3680 470 3733 τῶν
494 3665 574 3732 ὅλων
600 3669 770 3750 ζευγαρίων
794 3669 989 3752 τοῦχωρίου
1013 3664 1045 3730 έν
1070 3664 1127 3752 μιᾷ
1150 3663 1256 3754 ἡμέρα
1278 3671 1314 3732 τύ
1335 3669 1482 3756 δηλωδέν
1507 3691 1563 3755 χω

307 3798 429 3882 ροίφιον.
454 3797 540 3858 ταῦτ’
566 3789 682 3878 ἔφησεν
707 3785 723 3853 ό
751 3789 886 3862 παλαιός
914 3789 1112 3882 χαμοκριτης
1140 3789 1270 3856 ἐνώπιον
1293 3801 1354 3856 τῶν
1380 3791 1563 3878 Πρινοβαριε

306 3929 378 3996 τῶν,
400 3915 483 4002 ἦσαν
504 3917 540 3979 δέ
563 3921 855 3999 συμμαρτυρούνιες
878 3913 977 3996 τούτῳ
1004 3917 1060 3976 καὶ
1083 3911 1113 3978 οἱ
1136 3914 1240 3980 λοιποί
1264 3913 1399 3989 ἅπαντας
1421 3915 1563 4004 Βαρηνοή

308 4041 338 4107 οἱ
360 4043 395 4105 δὲ
421 4039 544 4106 ἀνωθεν
566 4038 790 4123 Πρινοβαρῖται
813 4035 1043 4120 διισχυρίίαντυ
1066 4038 1143 4122 πρός
1166 4046 1275 4117 ταῦτα,
1300 4036 1384 4124 ἦσαν
1408 4041 1443 4105 δὲ
1467 4011 1563 4106 ἅπανέ

307 4189 358 4238 τες
385 4165 488 4245 λέγειν
514 4161 572 4250 μιφ
598 4172 701 4248 φωνῇ,
726 4155 774 4222 ότι
797 4160 832 4222 τό
857 4167 997 4224 τοιοῦτον
1021 4163 1184 4248 χωραίφιον
1212 4159 1344 4248 οἴδαμεν
1368 4165 1426 4250 πρό
1451 4168 1563 4251 χρόνων

308 4297 437 4374 μακρῶν
464 4271 682 4374 συμπαροίκου
711 4278 799 4369 η’μῶν
828 4280 907 4348 εἶναι
941 4291 996 4347 τού
1026 4281 1251 4368 έπιλεγομένου
1279 4285 1415 4354 Σκανού·
1442 4287 1480 4375 ἦν
1512 4291 1563 4372 γάρ

307 4433 382 4477 ποτε
411 4423 449 4496 τη
479 4410 670 4498 Πρινοβοίρει
704 4408 859 4490 πάροικος
895 4403 1118 4494 ἐπιλεγόμενος
1147 4405 1284 4488 Σπανός,
1321 4407 1359 4496 ήν
1389 4411 1424 4474 δέ
1451 4415 1563 4496 καίτη

306 4533 408 4620 Βόρει
432 4533 474 4620 τῷ
498 4531 582 4618 αὐτῷ
607 4529 739 4617 όνόμαιτι
758 4533 913 4616 πάροικος
938 4527 1145 4617 ἀκούομενος,
1169 4528 1213 4606 ύς
1237 4533 1273 4596 δὲ
1297 4542 1353 4620 τῆς
1377 4543 1432 4604 τού
1455 4531 1563 4620 όνόμαε

308 4678 363 4730 τος
388 4661 496 4745 φήμης
520 4661 616 4741 μέσον
641 4657 697 4718 καί
721 4651 905 4740 ἀμφοτέρων
930 4664 988 4719 τῶν
1014 4663 1115 4740 μερῶν
1139 4653 1267 4721 ἐνέπεσε
1292 4660 1349 4723 καί
1371 4654 1410 4743 ἠν
1434 4655 1451 4722 ό
1473 4658 1563 4736 λόγος
