3140 5284
1151 305 1154 310 '
1288 291 1350 357 149

60 483 279 568 διακείμενα,
316 480 455 550 ὧντινων
489 485 545 548 καί
583 478 600 545 ύ
640 484 844 568 περιορισμύς
879 482 949 568 ἔχει
977 477 1089 556 σύτως·
1125 481 1259 568 ἄρχεται
1286 481 1348 548 ἀπὸ

59 617 120 691 τῆς
161 603 240 671 ύδοῦ
277 615 334 693 τῆς
372 603 590 692 ἀντρχομένης
618 603 760 672 ἀπὸτοῦ
786 607 921 692 πύργου,
957 616 1081 692 κρατῶν
1110 607 1164 674 τύν
1192 601 1349 692 ύρον.τού

58 731 273 816 Εηρορύακος
297 731 382 812 τύ[ν]
401 727 614 814 ἀνερχόμενον
638 727 683 803 εὶς
698 731 734 796 τύ
758 727 906 812 Ἀβαδύν,
932 728 990 793 ὲιῖιν
1006 730 1095 805 δεξιὰ
1119 732 1157 794 τά
1173 733 1349 816 τερρυριίό-

59 875 160 938 μενα,
197 851 356 939 ἀριστερὰ
391 856 431 918 τύι
462 853 574 920 δίκαια
604 861 659 939 τῆς
684 861 782 939 μονῆς
807 862 862 920 τοῦ
891 861 1032 939 σωτῆρος
1058 853 1197 938 Χριστοῦ
1224 863 1280 940 τῆς
1314 851 1347 918 έν

57 989 97 1063 τῇ
131 977 271 1064 Σμύρνη
300 977 505 1064 διακειμένης
538 981 595 1042 καί
624 973 852 1064 έπιλιγομίνης
887 983 942 1041 τοῦ
972 975 1189 1062 Καμελαυκῦ,
1224 987 1350 1061 κρατῶν

59 1103 118 1186 τὴν
146 1101 254 1188 αύτήν
281 1103 419 1185 στράταν
442 1101 518 1185 πράς
542 1095 702 1173 ἀνατολὰς
725 1104 782 1167 καί
805 1098 949 1184 καταντᾷ
976 1098 1020 1172 τίς
1043 1101 1098 1186 τήν
1120 1097 1232 1186 λτέραν
1252 1105 1349 1186 στρύ-

57 1247 117 1288 ταν
149 1227 215 1312 την
245 1224 417 1309 βασιλικὴν
453 1225 507 1309 τὴν
537 1221 724 1303 ἀπάγουσαν
752 1223 796 1296 είς
826 1223 881 1309 την
909 1221 1066 1310 Σμύρνην,
1102 1221 1162 1287 έῦν
1190 1224 1279 1299 δεξιὰ
1310 1227 1350 1290 τὰ

54 1351 335 1434 τεριοριζύμενα,
364 1343 515 1434 ἀριστερὰ
540 1349 619 1432 πρὸς
649 1345 805 1432 ἀνατολὴν
833 1349 869 1412 τύ
896 1347 1108 1432 πετροβυῦνιν,
1137 1347 1347 1434 κρατῦντην

55 1469 163 1558 αύτην
197 1475 342 1556 στράταν
370 1469 427 1536 καὶ
455 1472 601 1557 καταντᾷ
627 1475 724 1556 μίχρι
746 1475 803 1534 καί
826 1477 881 1534 τοῦ
910 1465 1030 1556 ῥύακος
1052 1479 1107 1536 τοῦ
1132 1468 1347 1558 ἀνερχομένυυ

55 1594 121 1662 ἀεῦ
153 1605 224 1682 τῆς
253 1593 376 1674 Ἀγίας.
406 1592 474 1662 εἶτα
500 1597 695 1680 γαμματίίει
717 1603 842 1680 κρατῦν
877 1595 913 1660 τύ
935 1589 1084 1678 ύυύκιον,
1120 1591 1196 1680 ὅπερ
1229 1601 1348 1681 κατέρ·

54 1743 169 1806 χεται,
198 1715 247 1793 ὡς
277 1717 469 1804 δεδήλωται,
504 1714 567 1784 ἀπύ
594 1725 651 1805 τῆς
679 1714 805 1797 Ἀγίας,
832 1721 890 1784 καί
912 1717 1057 1803 καταντᾷ
1087 1722 1183 1803 μύχρι
1210 1717 1267 1787 καὶ
1291 1727 1347 1804 τῆς

57 1849 213 1930 στράτας
236 1851 295 1928 τῆς
320 1840 507 1928 ἀπαγσύσης
531 1839 575 1914 είς
599 1844 651 1906 τύν
674 1839 870 1906 Κούκουλον.
901 1839 967 1904 εἶτα
991 1840 1136 1926 καταντᾷ
1169 1846 1264 1930 μέχρι
1291 1847 1347 1906 καί

55 1976 114 2032 τοῦ
139 1967 285 2032 λάκκου
303 1974 360 2032 τοῦ
381 1961 488 2049 Διβοίδ
506 1975 513 2030 .’
531 2013 539 2030 .
556 2013 564 2032 .
583 2013 601 2042 .,
624 1974 749 2050 κρατῶν
777 1965 833 2050 την
858 1960 955 2050 αύτην
979 1963 1052 2030 ύῦῦν
1076 1969 1132 2030 καί
1156 1962 1346 2050 ἀκουμβίίει

56 2094 159 2176 μίχρι
191 2091 338 2154 καὶτοῦ
360 2091 522 2174 περιύροο,
551 2083 588 2152 ού
615 2091 811 2175 περιωρίσίίη
839 2091 926 2174 παρὰ
948 2097 1004 2154 τοῦ
1032 2087 1197 2174 εἰρημένου
1221 2086 1346 2154 λκείνου

55 2223 161 2300 topos>
196 2211 391 2300 Νικηφόρον
417 2220 473 2276 τοῦ
500 2211 648 2296 Χούμνου
683 2215 739 2279 καί
762 2219 817 2276 τοῦ
851 2221 951 2297 κυρυύ
975 2211 1137 2299 Στεφάνου
1163 2217 1220 2278 καί
1242 2209 1345 2278 αύτῦν

55 2349 115 2404 τῶν
147 2337 302 2402 ἐποίκων
336 2346 397 2400 των
423 2335 678 2402 Κουκουλαῑτῦν.
715 2333 783 2400 εἶτα
811 2345 934 2420 κροτῶν
962 2337 998 2402 τύ
1027 2339 1121 2422 μέρος
1148 2340 1184 2404 τῦ
1207 2337 1345 2414 δυτικύν,

55 2467 110 2528 ταί
131 2459 309 2544 καταντᾷ,
335 2459 417 2528 ἔνθα
444 2463 499 2524 καί
522 2455 649 2546 ἤρξατο,
681 2457 770 2534 δεξιὰ
794 2462 832 2524 τὰ
856 2463 1107 2545 περιοριζόμενα,
1131 2457 1283 2547 ἀριστερὰ
1306 2464 1345 2532 τά

55 2587 176 2652 δίκαια
216 2595 281 2649 τῶν
314 2581 556 2669 Μουρμούντων.
586 2585 672 2648 κατὰ
707 2591 782 2662 γοῦν
809 2583 865 2669 τὴν
892 2583 1056 2670 περίληψιν
1092 2593 1147 2650 τοῦ
1176 2585 1344 2667 βασιλικοῦ

52 2715 292 2796 τροσκονητοῦ
321 2703 453 2794 ύρισμοῦ
488 2709 544 2772 καί
571 2713 626 2792 τῆς
661 2704 853 2779 ἀκολούθως
887 2717 1010 2794 γραφῆς
1039 2717 1095 2774 τοῦ
1125 2711 1341 2795 περιποθήτω

54 2832 276 2920 αύταδέλφου
311 2839 366 2896 τοῦ
394 2838 549 2915 κραταιοῦ
577 2833 633 2894 καί
661 2825 754 2909 ἀγίου
787 2825 877 2917 ἡμῶν
906 2826 1064 2896 αύύέντου
1091 2829 1147 2896 καὶ
1175 2819 1342 2932 βασιλέως,

54 2970 109 3024 τοῦ
134 2957 444 3034 εανεογενεστάτου
467 2953 636 3040 Κομνηνού
660 2962 759 3038 τοροῦ
782 2951 965 3040 Δημητρίου
988 2963 1043 3020 τοῦ
1067 2953 1216 3042 Τυρνίκη,
1240 2977 1343 3041 παρα-

53 3084 259 3166 δεδώκαμεν
287 3079 343 3165 τήν
378 3079 525 3164 τοιαύτην
553 3074 680 3142 ἅπασαν
709 3085 767 3164 γῆν
794 3076 837 3162 τᾷ
865 3081 953 3164 μέρει
982 3087 1038 3164 τῆς
1062 3074 1220 3166 ῥηθείσης
1247 3076 1342 3159 ἁγίας

53 3215 162 3292 μονῆς
191 3213 257 3270 τῶν
277 3199 422 3286 Λέμβων,
447 3202 502 3287 τήν
525 3203 581 3266 καί
604 3197 831 3286 πεποσωμένην
855 3199 900 3278 τίς
915 3206 1078 3289 ποσότητα
1102 3207 1273 3289 ζευγαρίων
1295 3205 1340 3282 ἀί,

54 3329 111 3418 ἀφ’
138 3327 190 3394 ὧν
215 3327 442 3410 κατελσγίσύη
465 3320 599 3410 ύπεργος
624 3327 799 3410 ζευγαρίων
820 3329 914 3392 πέντε
937 3329 994 3394 καί
1017 3322 1037 3413 ἡ
1059 3325 1152 3412 έτέρα
1176 3331 1342 3415 ίευγαρίου

53 3453 140 3532 ένύς,
169 3450 349 3535 νομαῦιαίά
377 3471 412 3514 τε
435 3453 491 3514 καί
518 3447 691 3541 λιβαῦιαῐα,
716 3445 759 3520 ὼς
782 3443 863 3534 ύμοῦ
887 3449 941 3513 διὰ
963 3451 1100 3532 πάντων,
1130 3449 1173 3526 ὡς
1196 3453 1340 3540 δεδηλω-

51 3601 123 3656 ται,
164 3585 213 3662 γῆ
242 3577 415 3659 ζευγαρίων
442 3573 485 3649 ἓξ,
516 3569 558 3648 ύς
583 3571 625 3657 μη
651 3569 747 3657 οὔσης
774 3568 878 3638 έκείσε
902 3570 1010 3658 ἑτέρας
1039 3583 1097 3663 γῆς
1122 3577 1339 3668 δηροσιαηης,

51 3701 141 3766 ὥστε
170 3701 329 3782 κατέχειν
354 3699 409 3784 την
433 3698 580 3784 τοιαύτην
604 3692 732 3762 ἅπασαν
756 3703 814 3782 γην
838 3698 881 3782 τῷ
905 3701 993 3782 μέρει
1016 3707 1073 3786 τῆς
1096 3695 1254 3796 ῥηθείσης
1278 3725 1339 3787 μο-

49 3833 123 3910 νης,
156 3817 250 3888 ὥστε
281 3817 321 3883 δι’
346 3818 470 3886 οἰκείων
498 3821 670 3903 ζευγαρίων
693 3821 966 3906 κατακύμνεσθαι
996 3823 1112 3910 ταύτην
1136 3826 1211 3908 πρύς
1237 3827 1339 3908 ίωιίρ-

47 3969 150 4014 κειαν
184 3955 249 4010 τῶν
278 3941 322 4016 είς
350 3945 465 4030 ταύτην
490 3942 695 4032 ἀσκουμένων
719 3954 880 4030 μοναχιῦν,
911 3949 968 4012 καί
992 3947 1053 4034 μην
1077 3951 1133 4022 καί
1157 3945 1206 4014 ἐπὶ
1228 3961 1267 4034 τῇ
1288 3950 1339 4019 >ct-

49 4072 203 4154 βαδιαίᾷ
230 4067 390 4151 νέμεσθαι
418 4069 457 4132 τὰ
484 4066 601 4151 ταύτης
635 4061 843 4152 ύποιαύηιινα
872 4071 949 4150 ζῶα,
979 4067 1022 4144 ὡς
1050 4069 1088 4137 ἀν
1115 4069 1338 4164 ἐκτενέστερον

48 4193 306 4278 ύπερεύχευνται
327 4197 385 4254 τοῦ
413 4199 567 4273 κραταιοῦ
597 4193 653 4254 καί
682 4186 773 4268 ἁγίου
802 4186 890 4276 ἡμῶν
920 4188 1077 4258 αύθέντου
1101 4200 1157 4264 καί
1181 4196 1337 4278 βασιλέως

50 4317 202 4388 ἅπαντας
223 4309 256 4376 οἱ
277 4309 472 4396 ἀσκούμενοι
492 4315 631 4397 μοναχοί
655 4311 699 4384 είς
722 4311 777 4397 τὴν
801 4313 1035 4400 ῦιαληφθείσαν
1057 4319 1214 4392 πολλάκις
1227 4323 1337 4413 ,μονην

51 4443 258 4526 σεβασμίων,
288 4434 400 4516 ἁγίαν,
430 4437 609 4522 βασιλικήν.
642 4434 691 4502 ἐπί
719 4438 818 4521 τούτῳ
848 4441 908 4523 γὰρ
937 4439 1080 4540 ἐγεγόνει
1102 4445 1179 4527 πρὸς
1200 4447 1238 4516 ιτῦ
1262 4441 1337 4517 ύλεν

54 4569 157 4650 μέρος
181 4572 241 4650 τῆς
266 4563 419 4658 τοιαύτης
442 4557 536 4640 ἀγίας
552 4569 658 4646 Ιμονῆς
681 4583 702 4646 η
726 4569 874 4645 παροῦσα
896 4564 1073 4648 παράδοσις
1093 4571 1149 4630 καί
1171 4563 1337 4640 ἀποκατά-

60 4709 173 4764 στασις
189 4695 245 4754 τοῦ
270 4689 432 4771 παρόντος
446 4691 653 4773 περιορισμοῦ
677 4679 775 4770 ἡμῶν,
799 4683 842 4759 ύις
866 4687 1043 4773 δεδήλωται
1055 4687 1194 4768 ἀνωθεν,
1217 4702 1279 4775 τῶν
1297 4690 1337 4768 ,ἔξ
