3190 5284
300 277 362 341 128

367 472 406 567 ιὴ
434 464 470 534 ‘0
505 464 702 552 εὐτελὴς
736 463 891 551 ἱερεὺς
922 463 939 531 δ
968 461 1203 553 Τισαΐτης
1238 465 1289 531 τὰ
1318 472 1394 530 τοῦ
1430 459 1581 552 ὅρους

296 584 1157 679 δηλούμεναμαρτυρώνώιιέγραψαὴ.

386 735 406 812 †
439 729 639 817 Μιχαὴλ,
676 728 833 816 ἱερεὺς
861 733 940 794 καί
966 732 1166 834 νομικὸς
1194 737 1272 817 τὴς
1302 729 1581 816 ἁγιωτάτης

298 854 632 941 μητροπόλεως
660 852 869 939 Σμύρνης
896 857 974 918 καὶ
1004 850 1196 939 ένυρίας
1229 853 1486 931 Μανταίας,
1522 857 1581 917 τὸ

297 985 374 1042 τοῦ
403 973 543 1065 ὅρους
577 975 848 1062 δηλούμενα
877 979 1057 1062 γροίψας
1086 980 1165 1042 καί
1194 987 1437 1064 μαρτυρῶν
1470 972 1581 1041 διιέ-

296 1104 449 1187 ινννα
482 1105 512 1181 †·

607 1345 670 1413 LX.
688 1345 765 1413 Sine
781 1365 873 1427 anno,
891 1349 933 1412 25
950 1345 1087 1431 augusti,
1104 1345 1171 1412 ind.
1187 1345 1267 1412 v111.

574 1511 628 1566 Lis
643 1515 719 1568 inter
733 1513 937 1568 monasterium
952 1521 979 1566 οι
994 1510 1119 1567 Ρλοσσικ
1135 1513 1290 1570 din'mieur.

384 1681 487 1766 ὴΤδ
516 1686 739 1768 κρίσιμον
768 1684 957 1768 γράμμα
985 1679 1124 1747 Φωκᾶ
1152 1689 1228 1746 τοῦ
1256 1679 1577 1768 τὴςΚυραμα-

295 1810 399 1893 ρίας
434 1807 661 1892 γαμβροῦ,
695 1808 798 1890 περὶ
829 1800 882 1868 ὧν
917 1803 1141 1891 ἐπειρᾶτο
1175 1807 1456 1891 πραγμάτων
1491 1809 1581 1868 καί

296 1927 633 2016 ἀπελογιοίσδη
661 1932 690 2010 †.

382 2075 403 2152 †
430 2069 515 2157 Μηνὶ
551 2065 718 2155 αδγοὺστιμ
742 2065 847 2158 ὴμέρογ
879 2079 1018 2156 κυριακὴ
1046 2069 1094 2136 κε’
1124 2068 1182 2136 ὶνδ.
1213 2068 1242 2157 η’
1268 2073 1298 2150 †.
1331 2068 1398 2156 Τὴν
1426 2071 1581 2156 σήμερον

295 2196 463 2280 παραστὰς
479 2192 613 2268 Φωκᾶς,
637 2203 693 2280 τὴς
716 2190 959 2278 Κυραμαρίαςδ
984 2195 1138 2279 γαμβρὸς,
1161 2198 1232 2279 περί
1255 2190 1297 2258 ὧν
1315 2191 1382 2279 εἶχε
1407 2197 1487 2279 μετὰ
1514 2203 1580 2279 τῆς

293 2320 472 2403 στβασμίας
492 2320 549 2382 καί
573 2313 669 2396 ἁγίας
699 2325 798 2403 μονὴς
827 2325 886 2381 τών
915 2314 1062 2402 Λέμβων,
1091 2317 1353 2402 προσεκαλέσατο
1378 2317 1451 2389 τοδς
1475 2315 1578 2380 έποί-

292 2461 368 2514 κους
403 2443 596 2527 στρατιώτας
631 2461 665 2502 τε
693 2444 750 2504 καί
786 2439 1019 2512 οὶκοδεσπδτας
1055 2449 1115 2506 τιῖν
1150 2445 1275 2526 χωρίων
1302 2437 1479 2517 Μανταίας,
1517 2445 1579 2504 τόν

288 2587 323 2630 τε
352 2563 646 2650 μεγαλοδοξότατον
673 2571 733 2648 κιῖρ
761 2561 918 2648 Γεώργιον
947 2565 999 2628 τὸν
1023 2561 1228 2650 Μαντηανδν,
1253 2563 1306 2628 τδν
1331 2561 1577 2649 ἀνδρικώτατον

291 2689 485 2774 στρατιώτην
514 2695 573 2772 κῦρ
600 2685 788 2774 Νικηφόρον
818 2690 872 2752 τδν
901 2685 1115 2773 Φαρισσαῖον,
1144 2689 1197 2752 τδν
1221 2685 1349 2752 Λέοντα
1373 2694 1432 2773 κιῖρ
1456 2735 1464 2751 .
1490 2737 1499 2751 .
1531 2737 1539 2752 .
1568 2739 1575 2752 .

287 2814 341 2877 τὸν
371 2809 544 2898 Πετρίτζην
572 2820 631 2896 ιιιῖρ
659 2809 815 2896 Γεώργιον
844 2813 901 2874 καὶ
929 2807 991 2876 ἀπδ
1016 2820 1076 2875 τών
1104 2808 1340 2876 οὶκοδεσποτών
1363 2808 1489 2876 Λέοντα
1519 2814 1577 2876 τδν

290 2935 491 3023 ’Λμηραλλὴ
516 2933 651 3021 Μιχαὴλ
674 2935 725 2998 τδν
742 2929 886 3020 Ληστὴν,
910 2932 1063 3018 Μανουὴλ
1080 2935 1132 2998 τὸν
1156 2932 1343 3020 Σαρακηνδν
1368 2937 1424 2998 καὶ
1439 2931 1577 2998 Λέοντα

290 3061 343 3124 τδν
365 3055 564 3146 Νομραΐτην.
591 3055 750 3145 έξὴτησαν
775 3052 828 3120 οὖν
853 3053 882 3119 οἱ
905 3060 1010 3142 κριταί
1035 3061 1074 3120 τὰ
1090 3066 1150 3121 τών
1177 3067 1328 3143 μοναχιῖιν
1349 3057 1573 3142 δικαιώματα,

288 3181 388 3270 ὴγοον
416 3191 472 3269 τῆς
496 3177 597 3245 αὐτῶν
626 3181 805 3266 σεβασμίας
833 3183 889 3243 καί
919 3177 1015 3258 ἁγίας
1045 3180 1213 3266 βασιλικῆς
1243 3189 1355 3267 μονῆς,
1381 3179 1503 3257 ἐξεῖπον
1531 3183 1570 3245 δὲ

290 3305 320 3372 οἱ
341 3309 488 3392 μοναχοί,
512 3302 555 3377 ὡς
572 3302 621 3368 ὅτι
643 3301 735 3390 ὴμεῖς
760 3305 840 3388 μετὰ
864 3311 918 3367 τοῦ
942 3301 1048 3368 Φωκοῖ
1072 3299 1227 3368 ὑπόδεσιν
1253 3301 1312 3369 υδκ
1338 3303 1468 3392 ἔχομεν,
1495 3303 1570 3370 ἀλλ’

250 3430 253 3438 ’
288 3425 361 3494 οὐδέ
379 3434 493 3516 κρίσιν,
518 3431 574 3492 καί
597 3429 651 3492 διὰ
675 3435 767 3493 τοῦτο
792 3425 882 3500 ἔδοξε
904 3437 969 3498 τοῖς
992 3437 1114 3511 κριταῖς
1139 3425 1232 3492 εὶτιεῖν
1257 3423 1329 3492 κατ’
1354 3425 1425 3514 ὄψιν
1448 3434 1570 3514 προιε-

287 3571 341 3640 ρον
370 3563 430 3616 των
459 3533 613 3638 μοναχιῖν
649 3516 861 3616 ἀπελθόντωνι
882 3552 959 3635 πρὸς
987 3551 1042 3635 τὴν
1079 3550 1176 3635 μονὴν
1201 3545 1305 3614 αότιῖν
1334 3548 1377 3624 ὡς
1400 3555 1490 3638 παρὰ
1516 3556 1570 3616 τὸν

287 3683 343 3741 τοῦ
372 3676 498 3740 δικαίου
528 3675 627 3754 λόγου
654 3678 847 3759 πειρώμενον
875 3677 929 3739 τὸν
958 3671 1082 3738 Φωκοῖν
1110 3677 1166 3738 καί
1195 3677 1306 3740 τούτου
1331 3677 1426 3760 χάριν
1450 3695 1568 3740 κακω-

288 3803 399 3874 θέντες
423 3801 462 3863 τὰ
485 3799 599 3863 πολλοί.
623 3797 744 3870 ίδίντες
768 3802 869 3861 τοίνυν
896 3793 1011 3871 αὐτοὺς
1036 3797 1065 3861 οἱ
1089 3797 1134 3871 τίς
1158 3799 1213 3884 τὴν
1240 3799 1337 3884 μονὴν
1360 3801 1480 3863 τούτων
1507 3821 1569 3885 μο-

286 3927 382 4010 ναχοί
406 3925 626 4009 διηγέρδησαν
650 3925 705 3985 καί
732 3919 885 4005 ἀράμενοι
909 3923 948 3984 τὰ
971 3930 1026 4006 τὴς
1043 3930 1143 4009 μονῆς
1166 3922 1379 4007 δικαιώματα,
1403 3919 1506 4009 ἤγουν
1532 3923 1566 3985 το“

287 4047 524 4134 χροσώβουλλον
553 4053 608 4109 τοῦ
638 4042 786 4129 ἀοιδίμου
815 4041 847 4106 ἒν
883 4045 1066 4127 βασιλεῦσιν
1092 4042 1215 4108 ἐκείνου
1244 4043 1302 4110 καὶ
1324 4049 1501 4132 κτὴτορος,
1532 4049 1565 4108 τί

286 4195 320 4234 τε
343 4173 517 4256 πρακτικὸν
541 4177 597 4253 τῆς
618 4168 767 4252 τοιαύτης
793 4176 892 4253 μονὴς
916 4171 972 4230 καὶ
993 4168 1048 4253 τὴν
1073 4168 1238 4255 διαθήκην
1264 4179 1318 4234 τοῦ
1344 4167 1567 4255 ἀποιχομένου

286 4292 395 4380 ἱερέως
430 4292 589 4368 Ἀλεξίου,
625 4290 807 4372 κατέλαβον
835 4293 913 4374 πρὸς
948 4291 1020 4364 τούς
1048 4295 1167 4376 κριτὰς,
1194 4290 1280 4377 εἶχον
1309 4293 1345 4356 δὲ
1371 4292 1417 4365 τίς
1454 4307 1565 4378 χεῖρας

287 4421 344 4480 καὶ
378 4417 433 4501 τὴν
460 4412 649 4502 ὑπογραφὴν
685 4423 739 4478 τοῦ
768 4413 836 4477 υἱοῦ
864 4423 919 4477 τοῦ
954 4415 1159 4500 δηλωθέντος
1194 4414 1302 4500 ἱερέως
1337 4415 1486 4491 Ἀλεξίου
1510 4419 1564 4480 καί

286 4536 383 4604 αὐτοῦ
423 4538 529 4623 ἱερέως
553 4535 657 4615 ὄντος,
694 4536 842 4624 Μιχαὴλ,
874 4534 959 4610 ὅστις
994 4540 1103 4622 παρών
1134 4537 1285 4624 ἐγνώρισε
1321 4543 1359 4604 τὰ
1384 4513 1566 4626 Ιγροίρματα

285 4671 339 4726 τοῦ
367 4665 484 4745 πατρὸς
514 4657 610 4725 αὐτοῦ
644 4667 767 4725 ἐκείνου
801 4666 994 4726 κατενώπιον
1026 4669 1079 4724 τοιῖ
1113 4665 1294 4747 πράκτορος
1323 4662 1466 4738 Λέοντος
1502 4673 1554 4728 τοῦ
