3140 5284
276 249 337 315 138

272 446 331 528 μίιρ
354 437 556 508 ὑποκείσεται
577 445 654 529 πρός
682 446 735 509 τὸν
759 443 913 530 δημόσιον
936 465 966 509 κ.
991 465 1021 509 ιτ.
1047 446 1076 508 λ.
1100 453 1246 532 παρῆσαν
1269 444 1306 508 δὲ
1332 447 1492 529 μάρτυρες
1516 441 1547 504 ἐν

273 577 314 654 τη
337 568 482 652 παρούσῃ
506 567 653 654 διαθήκη
678 565 695 632 ό
719 589 753 632 τε
777 567 924 656 Ἰωάννης
947 565 964 634 ὁ
987 569 1149 654 Γαλὲπης,
1172 567 1188 634 ύ
1212 569 1418 654 Δρυυγγάρης
1442 566 1545 652 Γεάιρ-

251 711 358 771 .γιυς,
390 689 626 765 Κωνσταντῖνυς
650 689 667 756 ύ
691 689 826 773 Πατζδς,
865 692 962 767 Ξένος
985 690 1002 758 ύ
1026 693 1159 778 Χλωρύς
1185 697 1242 757 καί
1273 691 1439 764 Νικόλαος
1468 687 1548 755 άνα·

277 817 421 901 γνώστης
453 811 470 880 ύ
496 813 650 902 Νιράτης,
676 813 840 906 ὑπεγράφη
868 817 903 880 δὲ
928 821 983 881 καί
1006 823 1078 903 παρ’
1108 815 1185 902 ἐμοῦ
1221 815 1265 888 εὶς
1294 817 1466 900 βεβαίωσιν
1494 817 1549 877 καί

279 935 458 1026 ἀσφάλειαν
483 942 589 1025 μηνί
613 940 892 1025 μαρτίιρίνδ.
917 939 974 1005 ιδ’.
999 939 1236 1027 τοῦ,ςψῐηγ’
1263 939 1453 1019 ἐτουςγ.

367 1085 544 1157 Subscriptio
563 1085 652 1142 ιοίίτσ
673 1077 838 1145 Νικολάου
862 1089 917 1144 τοῦ
942 1079 1205 1167 Φιλοκυνηγίτου.

570 1341 662 1408 LXX.
681 1341 757 1410 Sine
773 1363 864 1418 anno,
882 1364 987 1409 mense
1003 1343 1124 1420 martio,
1140 1341 1205 1409 ind.
1223 1341 1258 1408 V.

314 1489 479 1562 Imperator
495 1492 668 1546 τκοκοείττίο
684 1493 832 1565 confirmat
845 1495 1051 1563 ροεειιτυίοκτιπ
1063 1492 1181 1563 praedii
1195 1492 1225 1548 θ.
1244 1489 1476 1545 Ρακίείιεπιοκίο
1491 1498 1516 1542 αι

608 1613 756 1678 olivarum,
775 1633 849 1686 ροσε
863 1625 931 1670 aunt
946 1617 976 1669 ιἰι
991 1618 1052 1670 vico
1066 1615 1226 1670 Ρααατείο.

372 1781 786 1869 γἘπικυρωτικόν
820 1787 1100 1870 πρόσταγμα
1136 1787 1273 1870 χάριν
1307 1788 1385 1846 τοῦ
1422 1799 1547 1865 μετο·

281 1911 389 1994 χίου
418 1914 494 1971 τοῦ
523 1905 590 1979 είς
617 1908 693 1970 τόν
722 1903 857 1986 ἅγιον
885 1906 1254 1994 Παντελεημονα
1281 1907 1462 1970 καὶτοῦ
1486 1899 1547 1972 τίς

281 2027 393 2096 αύτό
427 2032 663 2095 παντοίων
698 2033 977 2116 πραγμάτων
1014 2033 1091 2096 καί
1126 2040 1207 2094 τῶν
1243 2027 1310 2102 είς
1339 2029 1416 2094 τόν
1449 2021 1548 2092 Φοί-

282 2175 389 2218 νικα
413 2151 617 2217 ἐλαῑιιιῦν
642 2153 899 2239 δίνδρωνγ.

370 2290 449 2374 †‘0
477 2294 729 2378 καθηγούμενος
763 2301 819 2380 της
848 2295 1025 2379 σεβασμίας
1053 2301 1151 2382 μονῆς
1179 2301 1234 2378 τῆς
1261 2295 1347 2378 παρά
1377 2299 1436 2378 τῆς
1464 2290 1548 2372 βασι-

284 2417 374 2488 λείας
402 2437 462 2502 μου
491 2413 775 2504 ἀνακαινισθείοης
803 2421 859 2481 καί
888 2415 1115 2504 ἐπιλεγομένης
1143 2427 1203 2480 τῶν
1231 2413 1368 2500 Λέμβων
1397 2409 1549 2499 ύπέμνηοε

284 2541 340 2627 τὴν
365 2539 529 2624 βασιλείαν
555 2561 630 2625 μου,
655 2537 697 2611 ὡς
722 2539 848 2628 ἔφθασε
872 2543 1100 2626 προσαρμόσαι
1123 2541 1222 2626 ταύτη
1247 2538 1280 2614 ἐξ
1304 2536 1482 2625 ἆγορασίας
1504 2537 1549 2600 δι-

284 2667 382 2736 καίας
406 2660 438 2727 ἐν
463 2661 504 2749 τῷ
527 2660 634 2750 χωρίῳ
658 2661 842 2749 Παναρὲτου
867 2662 899 2730 ἐν
924 2675 962 2751 τη
983 2667 1161 2748 τυποθετίαρ
1184 2673 1240 2729 τοῦ
1264 2661 1419 2736 Φοίνικος
1443 2660 1549 2725 ἐλαῑκὰ

287 2785 402 2872 δένδρα
425 2791 481 2850 καί
499 2787 531 2850 ἐν
555 2797 594 2873 τη
610 2785 759 2871 Μανταία
780 2791 928 2874 μετύχιον
946 2790 998 2853 τόν
1022 2785 1113 2868 ἅγιον
1134 2785 1394 2874 Παντελεημονα,
1421 2783 1549 2850 ἐκδοθὲν

288 2906 373 2995 αύτῷ
399 2913 486 2995 παρὰ
513 2917 568 2975 τοῦ
597 2913 751 2997 κτήτορος
779 2909 924 2985 Ἀλεξίου
953 2909 1063 2997 ἱερέως
1088 2915 1167 2998 μετὰ
1194 2913 1317 2976 πάντων
1344 2921 1404 2974 τῶν
1429 2911 1548 2975 δικαίων

289 3031 396 3110 αύτοῦ,
425 3032 523 3120 ἤγουν
550 3033 684 3098 ἐλαϊκιῦν
707 3035 841 3119 δένδρων
866 3034 928 3100 ἀπό
952 3057 985 3099 τε
1010 3037 1116 3100 κόπων
1147 3031 1244 3099 αύτυῦ
1269 3033 1547 3099 ἀποκαταστάντων

288 3155 331 3244 τῷ
364 3159 496 3242 τοιούτῳ
532 3162 672 3243 μετυχίιρ
706 3162 763 3222 καί
802 3155 864 3222 ἀπὸ
899 3161 1109 3244 προσενίξεων
1137 3159 1348 3246 φιλοχρίστων
1383 3153 1548 3241 ἀνθρώπων

288 3285 345 3346 καὶ
374 3279 485 3368 ἑτάρων
513 3283 721 3366 πραγμάτων,
749 3283 1038 3367 προσκυρωθίντυν
1068 3281 1112 3368 τῲ
1145 3283 1276 3368 τοιούτῳ
1301 3284 1440 3367 μετυχίιρ
1472 3277 1547 3360 παρὰ

289 3412 345 3468 τοῦ
383 3399 538 3490 βηθέντος
569 3407 732 3492 κτητορος.
770 3405 895 3491 ἐδεήθη
931 3413 1006 3484 γοῦν
1035 3403 1167 3491 ὁρισμοῦ
1202 3415 1257 3492 τῆς
1286 3405 1451 3490 βασιλείας
1484 3419 1545 3485 μνῠ,

289 3524 477 3612 ἑδράζοντος
513 3523 597 3614 αύτῷ
625 3528 679 3614 τὴν
712 3530 857 3613 κατοχὴν
887 3537 945 3592 τῶν
978 3525 1020 3601 ύις
1054 3527 1234 3615 δεδήλωται
1267 3527 1545 3614 προσαρμοσοὶντων

293 3645 386 3736 αύτῷ.
410 3645 431 3737 ἡ
456 3657 530 3729 γοῦν
555 3651 704 3734 βασιλεία
728 3672 788 3735 μου
812 3661 867 3736 τῆς
891 3652 1032 3737 δεήσεως
1055 3648 1152 3717 αύτοῦ
1173 3651 1382 3717 ἐπακούσασα
1405 3653 1456 3715 τόν
1478 3667 1547 3728 παρ-

293 3777 369 3839 όντα
401 3769 531 3860 ὁρισμόν
566 3771 764 3859 ἐπιβραβεύει
796 3771 894 3859 αύτῷ,
930 3775 970 3839 δι’
1004 3772 1041 3840 ού
1065 3780 1121 3840 καί
1144 3777 1331 3862 διορίζεται,
1367 3779 1402 3840 τό
1430 3777 1547 3857 στίργνί

293 3904 351 3962 καί
380 3896 626 3985 άπερικλύνητον
656 3898 742 3983 ἔχειν
771 3901 809 3962 τὰ
837 3902 996 3984 προσόντα
1020 3894 1104 3985 αύτῷ
1124 3901 1258 3986 χαρτιρα
1285 3902 1484 3986 δικαιώματα
1505 3892 1547 3956 ἐπὶ

292 4032 358 4095 τοῖς
385 4017 513 4108 ῥηθεῖσι
540 4023 596 4086 καί
624 4024 826 4108 κατεχεσθαι
851 4026 889 4086 τά
913 4021 946 4086 ἐν
970 4019 1051 4109 αὕτη
1076 4021 1373 4112 ἐμπεριειλημμένα,
1398 4021 1440 4096 ὣς
1461 4017 1545 4099 δεδή-

293 4147 401 4226 λωται,
425 4149 512 4232 παρὰ
536 4154 591 4210 τοῦ
616 4151 731 4232 μίρους
755 4155 810 4231 της
835 4147 982 4230 τοιαύτης
1006 4155 1104 4234 μονῆς
1125 4147 1341 4235 άναραιρίτως
1364 4152 1420 4212 καί
1441 4143 1545 4230 ἀμετα-

293 4273 429 4358 κινητως
450 4275 507 4336 καί
535 4269 682 4358 μηδύλως
707 4269 875 4356 ἔχειντὴν
905 4269 1051 4356 τοιαύτην
1076 4271 1173 4357 μονὴν
1198 4273 1253 4358 την
1277 4279 1435 4358 τυχοῦσαν
1457 4263 1544 4352 όγλη·

160 4387 161 4390 '
295 4415 344 4459 σιν
381 4392 442 4460 ἀπό
471 4415 555 4469 τινος
589 4405 649 4460 τῶν
678 4392 822 4459 ἁπάντων
850 4391 871 4480 ἢ
899 4401 958 4457 τῶν
994 4399 1249 4480 στρατευομίνων
1276 4393 1296 4482 ἢ
1325 4393 1446 4480 ἐτέρου,
1474 4385 1543 4473 μηδὲ

295 4519 524 4584 καθόλκτσθαι
551 4521 667 4604 ταύτην
696 4517 739 4591 είς
762 4518 893 4582 πλείονα
922 4515 1072 4582 ἀπόδυσιν
1095 4521 1182 4603 παρὰ
1205 4519 1240 4582 τό
1265 4517 1298 4583 ἐν
1322 4529 1386 4591 τοῖς
1409 4513 1544 4581 τοιούτοις

296 4638 449 4728 χαρτιύοις
483 4642 679 4728 δικαιώμασι
716 4640 908 4726 ἐγκείμενον·
938 4639 1015 4706 ὅθεν
1043 4640 1100 4706 καὶ
1128 4639 1247 4729 ὸρείλει
1275 4641 1295 4729 ἡ
1323 4644 1450 4725 τοιαύτη
1475 4629 1542 4720 W}
