3140 5306
283 223 348 284 210

281 413 388 502 χλητσ
414 414 499 478 κατὰ
534 413 589 500 τῆν
622 413 787 500 περίληψιν
814 421 876 478 τόν
908 413 1089 498 προσόντων
1119 405 1200 498 αότη
1234 411 1457 496 δικαιωμάτων
1486 414 1538 474 καί

280 541 427 622 κρίσεων,
450 538 507 601 καί
529 537 643 610 καθολς
666 531 684 600 δ
706 535 860 623 κραταιός
883 539 939 600 καί
963 533 1055 614 ἅγιος
1076 531 1165 622 ἡμῶν
1190 529 1348 621 αόθέντης
1371 536 1426 598 καί
1451 535 1538 617 βασι-

280 662 353 734 λεός
381 661 562 746 διορίζεται.
597 657 743 726 ίνθτντοι
771 663 827 726 καί
855 655 914 724 οὐκ
943 657 1065 747 ὀφείλει
1091 681 1139 732 τις
1166 657 1227 723 εἴτε
1257 656 1319 723 ἀπὸ
1347 666 1401 722 τοῦ
1428 661 1538 744 μέρους

280 795 341 850 τῶν
363 777 582 862 Μαντειανσιν,
611 782 757 850 είτετῶν
779 793 959 870 προσγενιῖιν
987 779 1089 848 αὐτῶν
1111 780 1132 870 ἢ
1156 779 1269 868 έτέριυν
1295 791 1385 848 τινῶν
1408 779 1537 868 ὄχλησιν

281 907 451 990 ἐπαγαγεῖν
478 906 521 994 τῷ
548 911 638 996 μέρει
664 917 719 998 τῆς
743 916 842 994 μονῆς
864 905 885 996 ἢ
908 909 961 972 τόν
986 908 1123 994 τυχόντα
1149 905 1336 992 όιαστισμόν
1363 904 1461 971 ἕνεκα
1483 913 1538 969 τῶν

280 1033 428 1100 τοιοότων
451 1036 621 1119 χωραρίων
644 1035 778 1098 καὶτοῦ
801 1027 969 1120 ἀμπελίου,
994 1027 1064 1096 ἀλλ’
1089 1027 1219 1117 ἀπέχειν
1240 1030 1348 1094 τέλεον
1372 1026 1405 1106 ἐξ
1428 1025 1537 1094 αὐτῶν.

279 1153 308 1220 τί
334 1152 465 1230 δ’-ἴσως
499 1158 555 1219 καὶ
584 1154 631 1218 έτι
656 1159 804 1240 πειρᾶταί
831 1177 878 1230 τις
912 1151 945 1230 έΕ
972 1149 1074 1219 αὐτῶν
1109 1151 1249 1242 δχλῆσαι
1276 1157 1333 1218 καί
1359 1150 1456 1226 αὖθις
1486 1153 1537 1239 τῆν

278 1279 427 1366 τοιαύτην
456 1279 552 1365 μονῆν
580 1281 637 1342 καί
664 1289 703 1364 τῆ
730 1279 899 1363 δυναστεία
925 1281 1105 1365 προσμένει,
1135 1275 1152 1344 ό
1182 1288 1324 1351 τοιοῦτος
1352 1281 1538 1358 γινωσκέτω,

277 1403 491 1488 παιδευθῆναι
515 1402 625 1487 μόλλτι
646 1405 702 1466 καί
726 1403 930 1489 ζημιωθῆναι
951 1403 1185 1489 προσηκόντως,
1210 1397 1291 1467 ίόστε
1315 1405 1371 1467 καί
1394 1401 1439 1488 μῆ
1465 1402 1538 1484 βου-

277 1526 412 1613 λόμενος
425 1533 547 1591 παίσαι
570 1533 627 1612 τῆς
650 1525 847 1602 δυναστείας,
863 1522 907 1598 ίυς
930 1525 973 1612 μῆ
996 1525 1188 1612 πειθόμενος
1204 1523 1246 1610 τιρ
1272 1523 1429 1611 βασιλικῷ
1443 1545 1538 1610 προσ-

277 1651 401 1736 κυνητῷ
425 1652 655 1736 προστάγματι,
683 1651 740 1714 καί
767 1647 885 1714 ἐπεῖται
919 1645 981 1712 ἀπό
1010 1668 1047 1728 γε
1075 1655 1130 1712 τοό
1158 1657 1211 1713 νῦν
1244 1651 1300 1712 καί
1328 1646 1373 1722 εἰς
1401 1651 1438 1712 τό
1469 1646 1537 1734 ἑξῆς

278 1771 491 1862 ἆνενόχλητυς
519 1775 575 1838 καί
603 1769 806 1846 ιἰδιάσειστος
833 1768 853 1860 ἡ
882 1771 1067 1860 δηλωθτῖσα
1096 1769 1256 1857 σεβασμία
1284 1771 1436 1858 βασιλικῆ
1461 1772 1536 1858 μυνῆ

275 1907 335 1962 τῶν
359 1894 495 1983 Λέμβων
519 1908 558 1984 τῆ
583 1896 738 1983 έμφανείη
761 1904 815 1960 τοό
838 1899 994 1980 παρόντος
1016 1891 1171 1983 ἡμετέρου
1195 1893 1415 1974 σιγιλλιώδοος
1439 1897 1536 1980 γράμ-

277 2035 387 2108 ματος,
415 2017 451 2084 οό
478 2023 535 2086 καί
563 2023 732 2100 γεγονότος
767 2015 908 2106 ἐπεδόθη
939 2019 983 2105 τῷ
1016 2021 1105 2104 μέρει
1135 2011 1234 2105 αὐτῆς
1268 2019 1313 2092 είς
1348 2015 1534 2106 ἀσφάλειαν.

277 2147 383 2232 μηνί
407 2139 752 2230 αόγοόστιρίνδ.
777 2143 1056 2228 δευτέραςῆ.

365 2265 445 2348 †‘0
473 2267 643 2340 δυόλος
669 2268 748 2331 καὶ
775 2267 910 2340 θείας
936 2273 1013 2330 τοῦ
1040 2271 1272 2352 κραταιοῦ
1299 2263 1536 2345 καίολγίοο

274 2385 1536 2480 ἡμῶναόθίντοοκαίβασιλέως,Θεόδοτοςσεβαστός

273 2512 646 2596 όΚαλόθττοςγ.

501 2709 635 2779 OXXIIL
653 2709 730 2778 Sine
744 2729 837 2796 εουο,
852 2730 960 2779 menso
974 2710 1145 2790 novembri,
1160 2709 1226 2778 ind.
1242 2711 1308 2779 XII.

329 2857 495 2932 Imperator
511 2858 651 2916 όίίοόίααί
665 2860 886 2916 controversiam
900 2867 995 2918 οτίαον
1009 2861 1086 2921 inter
1098 2861 1304 2922 ιιιοκστίττίιωκ
1318 2867 1345 2916 σε
1358 2857 1485 2918 Ροτόιιιιι

829 2980 990 3054 Αραίοιεκτ.

360 3131 601 3220 γἝτερον
631 3137 912 3222 πρόσταγμα
944 3135 1318 3220 καθυποβσίλλον
1353 3129 1435 3202 όπό
1471 3137 1536 3221 ζη-

273 3264 381 3346 μίαν
405 3260 460 3343 τῷ
485 3256 1535 3346 μέρειτῶνΜαντειανωνκαίτῶνπροσγτνιῖιν

274 3376 436 3460 αὐτῶν,
465 3378 932 3468 εἴπεροόπαιίσοοσι
960 3383 1232 3471 διτνοχλείν
1259 3382 1365 3457 τοός
1403 3403 1537 3470 μονα-

272 3507 385 3592 χοόε
407 3508 437 3586 †.

359 3627 481 3716 γΕίχε
509 3631 567 3716 μέν
595 3630 630 3693 τό
665 3633 762 3715 μέρος
788 3639 844 3717 τῆς
872 3631 1050 3717 σεβασμίας
1078 3640 1175 3717 μονῆς
1197 3639 1253 3718 τῆς
1281 3631 1448 3714 βασιλείας
1474 3653 1533 3717 μου

272 3763 333 3820 των
360 3751 496 3840 Δέμβων
529 3749 589 3818 οόκ
617 3750 727 3832 δλίγας
754 3755 933 3830 διαστίξτις.
951 3757 1007 3818 καί
1034 3754 1198 3841 διαμάχαις
1227 3755 1308 3842 μετὰ
1336 3764 1392 3822 τοῦ
1420 3753 1533 3842 μέρους

271 3884 328 3942 τοῦ
355 3873 469 3944 Πόθυυ
496 3885 551 3942 του
579 3873 749 3962 Ἀπελμενέ
777 3879 834 3942 καί
857 3887 916 3944 των
940 3877 996 3942 σόν
1024 3873 1130 3952 αότοῖς
1152 3883 1222 3965 περί
1244 3901 1327 3954 τινος
1353 3887 1412 3967 γῆς
1435 3877 1533 3964 πόσης

273 3999 362 4074 ίντός
396 4008 452 4065 τοῦ
479 4003 627 4086 πτριόρου
643 4007 710 4064 τοῦ
738 4002 906 4080 γεγονότος
935 3995 1014 4087 αότῆ
1048 4004 1135 4088 παρὰ
1169 3979 1534 4090 ποῦ’-στρατοπεδάρχοο

273 4121 407 4201 έκείνου,
433 4131 531 4210 κυροό
547 4121 664 4204 Φωκᾱ,
688 4124 748 4209 πρὸ
771 4126 893 4209 χρόνων
915 4123 1050 4203 πολλῶν,
1066 4120 1145 4210 ὑπέρ
1168 4119 1205 4190 οὖ
1228 4125 1269 4211 δὴ
1291 4128 1439 4213 περιόριυ
1463 4124 1534 4205 ίγε-

273 4251 360 4329 γόνει
386 4250 443 4313 καί
470 4247 707 4334 χρυσόβουλλον
743 4256 800 4334 τῆς
829 4247 996 4330 βασιλείας
1025 4269 1100 4335 μου,
1124 4248 1322 4336 λπιστηρίζον
1357 4244 1454 4316 αὐτόν
1480 4252 1535 4314 καί

272 4366 461 4459 ίτηρῆθηῆ
478 4367 614 4457 Ιτοιαότη
638 4366 791 4444 όπόθεσις
813 4369 847 4435 έν
870 4381 910 4458 τῆ
934 4365 1017 4458 αόλῆ
1047 4379 1104 4458 τῆς
1126 4373 1292 4456 βασιλείας
1319 4395 1389 4460 μου,
1411 4375 1533 4459 παρόν-

273 4515 332 4561 των
354 4499 412 4563 καί
435 4493 620 4584 ἀμφοτέρων
646 4503 707 4559 των
731 4503 842 4579 μερῶν,
865 4498 923 4560 καί
954 4491 1156 4582 ἀνεφάνησαν
1180 4493 1210 4560 οἱ
1232 4497 1369 4582 μοναχοί
1388 4495 1534 4562 δικαιοί-

275 4639 362 4706 μενοι
386 4617 435 4686 έπί
457 4629 497 4706 τῆ
520 4619 649 4704 τοιαότη
670 4627 724 4704 γῆ,
746 4620 803 4682 καί
830 4613 971 4698 ίγεγόνει
994 4613 1099 4694 αὐτοῖς
1123 4623 1179 4684 καί
1206 4615 1335 4704 όρισγιός
1358 4627 1413 4706 τῆς
1441 4620 1533 4702 βασι-
