3190 5284
1339 177 1379 243 ⁷1

59 357 100 438 θη
130 366 172 441 τη
206 371 321 445 μονῇ,
356 361 588 448 έπιιιυροῦντας
619 367 674 450 τήν
698 376 757 445 τῷν
783 366 946 432 Πλανιτῦν
977 369 1172 451 προσένεξιν,
1206 367 1291 433 ἀλλὰ
1321 373 1379 433 καί

54 482 239 563 γράμματα
269 493 343 568 τῆς
371 497 608 572 πατριαρχικής
640 491 887 574 μεγαλειότητος
916 493 1053 576 φέροντα
1083 493 1246 575 μάχαιραν
1275 489 1376 578 ἀμφί-

52 604 177 687 θηκτον
205 610 461 694 πνευματικήν
485 613 569 674 κατὰ
597 619 658 674 τῶν
687 607 957 696 ἐπιχειρησάντων
982 616 1066 676 κατὰ
1090 621 1146 698 τής
1172 622 1270 698 μονής
1293 633 1374 677 κατ·
1443 603 1447 612 ⁴
1524 701 1529 711 ι

53 729 264 812 ησφάλιστο,
314 729 415 796 ἀλλὰ
454 731 510 796 καὶ
545 731 608 811 ἐγὼ
640 730 656 797 ό
691 737 886 820 προρρηθείς
922 733 1095 820 Πετρίτζης
1131 733 1372 822 αίρετισάμενος

53 851 279 936 διενοχλήσαι
309 859 456 940 ταυτηνί
479 855 535 941 τήν
559 851 653 934 άγίαν
678 860 734 920 καί
759 856 935 940 σεβασμίων
957 858 1125 943 βασιλικήν
1151 859 1250 943 μονήν
1273 857 1371 924 ἕνεκα

54 985 107 1038 τοῖν
136 977 319 1040 τοιούτων
356 978 499 1062 δένδρων
528 979 644 1054 δεκαέξ
672 989 732 1042 τῶν
761 980 911 1059 ελαῐκῦν,
943 977 1009 1044 ἐπεί
1033 977 1051 1044 ό
1075 983 1218 1066 μοναχός
1247 979 1370 1056 ἐκεῖνος

52 1097 250 1183 Νικόδημος
271 1095 349 1164 ύττό
375 1106 548 1185 παροινίαν
565 1099 604 1188 ήν
628 1111 682 1188 τῆς
699 1097 855 1188 ἡμετέροις
878 1087 1036 1186 προνοίας,
1062 1099 1139 1166 ὅθεν
1156 1106 1212 1168 καί
1236 1101 1252 1168 δ
1276 1107 1366 1170 καθ·

52 1223 236 1310 ηγούμενος
281 1233 355 1310 τῆς
383 1225 564 1308 σεβασμίας
602 1233 699 1310 μονής
724 1235 783 1290 τοῖν
810 1223 942 1310 Λέμβου
966 1228 1005 1288 τά
1035 1223 1166 1310 χαρτῷα
1195 1223 1291 1290 αὐτοῦ
1320 1229 1366 1291 δι-

51 1349 229 1429 καιώματα
263 1344 325 1420 εἰς
359 1351 464 1432 μέσον
489 1343 578 1434 ἡμῶν
600 1351 766 1434 προήγαγε
789 1351 846 1411 καί
869 1346 977 1411 ἐδίδου
1005 1347 1297 1426 ἀναγινώσκεσθαι.
1323 1347 1367 1423 ύς

51 1479 118 1546 γοῦν
144 1468 321 1556 ἔφθασεν
354 1465 380 1556 ἡ
412 1477 466 1534 τοῦ
490 1477 636 1555 μοναχοῦ
664 1468 853 1556 Νικοδήμου
881 1471 1040 1556 διαθήκη,
1069 1475 1125 1535 καί
1154 1473 1188 1534 τό
1214 1469 1260 1537 ἐπ’
1286 1467 1367 1559 αὐτή

49 1593 207 1680 φρικῶδες
252 1590 436 1678 ἐπιτίμιον
474 1590 704 1680 έξεφων[ήθη],
742 1590 846 1665 ἐννεὰς
871 1591 1030 1672 ἐγεγόνειν
1064 1597 1121 1658 καί
1157 1593 1364 1680 ἀναίσθητος.

49 1717 132 1788 ιίδιῦς
158 1717 212 1793 δέ,
242 1713 297 1788 ὥς
328 1712 416 1780 ούδέ
433 1713 466 1779 ἐν
489 1717 532 1801 τῷ
555 1712 701 1802 ἡμετέρῳ
719 1715 882 1800 πρακτικῷ
905 1713 946 1799 τῳ
973 1725 1027 1780 τοῦ
1052 1715 1212 1804 Πιγκέρνη
1239 1718 1365 1782 ἐκείνου

50 1841 103 1906 ιίσί
128 1843 478 1924 καταγεγραμμένα,
503 1842 559 1902 καί
583 1839 696 1910 δεδιὼς
720 1837 763 1921 τῳ
794 1843 882 1922 παρὰ
910 1845 965 1902 τοῦ
993 1839 1073 1902 θεοῦ
1104 1837 1233 1926 ἀφύκτῳ
1262 1861 1362 1904 κατα-

52 1969 193 2049 ιρίμστι,
221 1965 324 2048 πρός
358 1965 417 2026 τόν
438 1965 626 2047 τιμιιῦτατον
649 1963 897 2045 καθηγούμενον
919 1963 1050 2046 ταυτησί
1081 1970 1136 2046 τής
1166 1970 1273 2046 μονής,
1302 1971 1362 2046 κύρ

49 2087 213 2172 Κύριλλον,
251 2085 452 2170 ἀνέκραξα,
481 2081 524 2156 ιδς
554 2081 716 2169 ἀμέτοχος
740 2080 804 2167 εἰμὶ
835 2077 982 2160 όαύτός,
1016 2084 1125 2155 καλῶς
1152 2088 1210 2147 καί
1240 2081 1283 2156 ὡς
1314 2085 1362 2148 δεῖ

49 2212 370 2299 τροσκορωθέντων
403 2216 463 2271 τῶν
491 2207 700 2291 δηλωθέντων
730 2203 866 2268 έλαῖκιῦν
890 2204 1025 2288 δένδρων
1050 2203 1082 2268 έν
1107 2207 1150 2291 τῳ
1176 2215 1231 2292 τοῦ
1253 2227 1359 2270 πανα-

48 2339 107 2414 γίου
136 2356 204 2418 μου
242 2331 487 2414 Πολοκάρπου
518 2332 597 2413 θείῳ
620 2327 697 2414 ναῷ·
730 2325 883 2400 ἀσύνετος
915 2329 975 2412 γάρ
1007 2329 1245 2414 λογισθήσεται
1277 2327 1358 2394 ότά

49 2461 260 2544 δικαιώματα
281 2457 458 2540 ’τηρήσας
487 2461 585 2515 ταῦτα
614 2460 670 2514 τοῦ
699 2459 777 2514 ναοῦ
806 2458 860 2514 τοῦ
884 2451 977 2514 θείου
1002 2449 1215 2547 Πολυκάρτου
1238 2456 1295 2516 καί
1319 2449 1355 2515 ού

52 2584 86 2668 μή
108 2584 244 2668 συνήσῃ
275 2582 348 2644 καί
378 2574 595 2660 ἀποφεόεηται
617 2575 792 2658 πόρρωθεν.
821 2570 837 2634 ὁ
863 2573 897 2635 δέ
922 2592 958 2652 γε
982 2582 1037 2658 τής
1062 2584 1160 2660 μσνης
1184 2585 1244 2638 τῶν
1269 2573 1356 2660 Λέμ-

54 2710 101 2788 βου
117 2709 335 2792 τιμώτατος
352 2699 605 2784 καθηγούμενος
628 2699 684 2760 καί
708 2693 737 2758 οἱ
762 2692 811 2758 ὑπ’
836 2689 930 2760 αὐτόν
956 2700 1103 2781 μοναχοί,
1126 2695 1248 2768 ίδόντες
1273 2695 1354 2760 ἀπο-

56 2833 259 2914 βαλλύμενον
296 2827 348 2888 τὰ
381 2829 513 2885 τοιαῦτα
545 2817 661 2883 έλαῖκὰ
688 2817 817 2902 δένδρα,
850 2816 1009 2904 ἐζήτησαν
1040 2817 1096 2882 καί
1127 2819 1167 2882 δι’
1198 2816 1354 2904 ἡμετέρου

56 2953 212 3042 ῖηγρᾰῳου
253 2945 549 3034 προσκυρωθήναι
576 2945 616 3006 τὰ
638 2941 812 3026 πολλαχῶς
835 2941 1018 3025 δηλούμενα
1046 2940 1160 3025 δένδρα
1188 2951 1227 3026 τῇ
1256 2943 1353 3024 σεβα-

55 3084 121 3161 σμίῳ
143 3081 206 3140 καί
227 3073 327 3155 ἁγία
357 3067 512 3152 βασιλική
536 3075 618 3150 μονή
635 3075 695 3126 των
719 3061 859 3148 Λέμβου,
886 3061 981 3126 ἔνθεν
1005 3085 1053 3126 τοι
1069 3067 1125 3128 καί
1147 3061 1252 3136 υύδείς
1268 3065 1352 3128 πόδα

57 3201 107 3266 ἁτό
133 3200 236 3265 τοῦδε
274 3195 466 3270 ἐπαγαγεῖν
494 3187 539 3261 είς
567 3191 606 3252 τὰ
634 3193 764 3250 τοιαῦτα
798 3185 913 3269 δένδρα
947 3190 1003 3250 καί
1031 3183 1165 3272 όχλησιν
1200 3197 1238 3272 τῇ
1268 3197 1350 3274 μονῇ

56 3323 217 3408 ἐπιβαλεῖν,
247 3319 339 3384 ἀλλ’
371 3313 502 3398 ἀπέχειν
526 3311 634 3376 τέλεον
659 3307 721 3372 ἀπὸ
745 3311 860 3374 τούτων
884 3319 923 3394 πή
948 3305 1103 3395 ἐμφανείῳ
1126 3319 1186 3372 τῶν
1209 3313 1348 3394 προσόν-

56 3469 102 3512 των
127 3446 307 3534 χαρτῴων
341 3439 571 3520 δικαιωμάτων
600 3437 657 3496 καί
684 3441 739 3495 τοῦ
768 3431 934 3518 ἐσύστερον
963 3435 1131 3511 γεγονότος
1161 3429 1348 3520 ὲκδοτηρίου
1419 3451 1421 3456 ·

56 3572 218 3660 ὶγγράφου,
258 3567 295 3631 εί
323 3565 388 3626 καί
413 3561 455 3644 μή
488 3559 636 3642 βούλεται
659 3554 676 3620 ὁ
701 3552 795 3627 αότός
827 3553 1069 3619 ἐπισπάσασθαι
1097 3541 1154 3629 τὰς
1186 3556 1346 3618 πολυπλό-

54 3717 116 3770 κοις
140 3695 228 3781 ἀρὰς
257 3699 335 3756 τῶν
365 3681 399 3747 ἐν
424 3693 462 3767 τή
489 3681 636 3764 διαθήκη
661 3677 969 3763 ἑμπιριειλημμένων
998 3675 1095 3756 ἁγίων
1125 3689 1183 3743 τῶν
1213 3676 1345 3768 ἀποχωη-

56 3825 189 3903 ριίόντων
230 3813 351 3880 αύτόν
387 3805 449 3870 ἀπὸ
480 3813 537 3890 τῆς
568 3813 627 3866 τῶν
659 3809 847 3886 χριστιανῶν
884 3800 1011 3884 μερίδος
1045 3803 1100 3864 καὶ
1131 3799 1172 3884 τῳ
1207 3801 1345 3884 προδότῃ

4 3991 5 3994 ,
55 3943 143 4030 Ἰούδα
163 3934 516 4027 λσομερισθήσονται,
546 3926 691 4012 ἐμμένειν
715 3924 750 3986 δὲ
774 3923 828 4006 τήν
856 3926 1019 4006 παροῦσάν
1045 3945 1104 4008 μου
1129 3921 1258 4009 ἀσφαλῆ
1289 3921 1342 3999 ἔγ-

57 4087 160 4156 ww
187 4059 493 4148 mpcfflpauotov
516 4052 572 4114 καί
597 4049 728 4130 βεβαίαν
753 4043 798 4118 τίς
823 4045 894 4116 τοῦς
918 4041 989 4129 ἐξής
1012 4047 1068 4109 καί
1089 4045 1243 4128 διηνεκεῖς
1268 4047 1343 4128 χρό-

58 4212 126 4268 2005,
153 4188 199 4264 ὡς
230 4184 364 4252 καλῶς
400 4178 458 4242 καί
493 4171 524 4235 όν
553 4173 641 4258 φόβῳ
676 4172 756 4233 θεοῦ
784 4172 949 4246 γεγονυῖαν
979 4163 1027 4230 ἐπί
1057 4179 1095 4252 πή
1124 4175 1183 4230 τῶν
1207 4163 1344 4250 Λέμβων

4 4315 5 4346 ³
60 4315 121 4398 ἁγία,
140 4319 201 4379 καί
229 4305 407 4394 βασιλική
432 4307 514 4382 μονή
535 4298 591 4358 καί
612 4294 775 4378 ἐρρῶσθαι
798 4295 853 4353 καί
876 4291 1088 4372 βεβαιοῦσθαι
1105 4289 1159 4387 είς·
1173 4291 1226 4352 τόν
1243 4287 1343 4352 αίῦυνα

4 4511 5 4514 ¹
59 4441 98 4501 ,γη
120 4438 272 4511 ἅπαντα,
310 4429 431 4512 μέχρις
460 4417 498 4483 ἂν
527 4414 656 4502 όήλιος
679 4417 714 4478 τό
738 4425 799 4478 πᾶν
829 4411 942 4498 ίφορορ,
968 4416 1141 4498 γραφέντος
1165 4422 1220 4476 τοῦ
1244 4408 1342 4498 ύφους

4 4559 5 4562 ’
61 4560 194 4647 vnn-02
221 4557 407 4643 προτροπή
433 4545 486 4606 διὰ
510 4543 618 4626 χειρός
642 4539 785 4604 Ἰωάννου
810 4536 973 4610 διακόνου,
999 4543 1131 4618 νομικοῦ
1156 4544 1212 4620 τής
1237 4533 1340 4620 Σμύγν
