3140 5306
269 253 335 320 262
471 327 472 330 χ

263 447 318 533 την
342 446 506 530 βασιλείαν
531 467 606 534 μου,
636 443 678 519 ιθς
707 443 769 512 αἰπύ
799 455 859 510 τῶν
892 445 1157 532 παραδεδομένων
1186 441 1267 532 αύτῇ
1293 448 1457 530 παροίκων
1486 445 1528 518 τίς

265 572 301 635 τό
328 573 443 656 χωρίον
471 559 508 632 τό
533 567 630 654 Μῆλα
655 566 700 643 είς
728 572 768 634 τὰ
794 567 957 650 Παλάτια,
987 567 1032 642 τίς
1060 571 1099 633 τὰ
1122 568 1276 654 Ποταμοῦ
1298 573 1355 634 καί
1378 565 1527 654 ἀλλαχοῦ

265 691 427 780 ἐξῴκησαν
450 696 507 758 καί
531 688 679 779 ἀπῆλθον
703 691 733 756 υί
755 695 811 777 μὲν
835 690 879 765 είς
903 693 938 757 τύ
961 691 1143 779 Νύμφαιον,
1174 690 1204 757 οἱ
1227 691 1262 756 δέ
1286 691 1332 766 είς
1355 695 1396 757 τὰ
1418 690 1529 777 Μούρ-

266 837 395 904 μουντα,
424 813 455 880 οἱ
481 815 517 878 δὲ
546 813 591 889 εὶς
620 813 746 901 ἑτέρους
779 817 893 888 τόπους
922 819 979 880 καὶ
1005 819 1261 902 πρυσεκάθισαν,
1297 813 1450 891 ὡσαύτως
1478 821 1532 881 καί

265 939 310 1014 εὶς
337 941 372 1004 τό
400 938 588 1006 Κούκοολυν
615 942 671 1004 καί
691 937 737 1012 τίς
767 941 802 1004 τό
829 937 984 1026 Μαιορίυν
1011 943 1069 1004 καὶ
1092 938 1139 1012 εἰς
1162 940 1218 1026 τήν
1241 938 1374 1026 Πέτραν,
1399 944 1460 1004 καί
1483 937 1530 1003 ἐν·

265 1066 378 1130 τεῦθεν
402 1074 556 1149 στερείται
579 1064 615 1126 εδ
640 1061 734 1149 μέρος
758 1071 814 1150 τῆς
839 1071 936 1150 μονῆς
960 1072 1015 1128 τοῦ
1039 1064 1245 1152 διαρθροντος
1265 1059 1347 1150 αύτῇ
1370 1058 1531 1139 ύξιαύτῦν

265 1188 402 1266 δικαίου,
425 1189 482 1252 καί
505 1183 628 1274 ἐδεήθη
652 1190 723 1272 περί
745 1187 857 1250 τούτου
885 1196 940 1274 τῆς
969 1187 1135 1270 βασιλείας
1164 1208 1235 1272 μου,
1263 1183 1307 1260 ύς
1334 1183 1371 1255 ἂν
1397 1183 1530 1272 ὁρισμοῦ

266 1312 383 1398 ταύτης
410 1311 507 1396 τυχόν
531 1307 699 1396 όπισυνάξη
723 1312 861 1388 τούτους,
898 1307 952 1398 ἀφ’
980 1307 1023 1374 ὧν
1051 1312 1299 1396 προσκάθηνται
1321 1312 1440 1391 τύπων,
1476 1312 1530 1373 καί

265 1437 348 1523 ρόρη
377 1437 434 1498 καὶ
465 1435 673 1520 πρυσκαθίση
709 1431 754 1506 είς
781 1435 834 1498 τόν
861 1431 977 1498 οἰκεῖον
1012 1435 1116 1512 τόπον,
1145 1429 1230 1507 ὅπως
1257 1437 1313 1498 καί
1342 1430 1440 1507 αὖθις
1469 1433 1529 1519 ἔχη

267 1553 381 1630 αύτούς
404 1554 447 1630 ως
462 1559 498 1624 τύ
522 1559 684 1642 πρότερον,
708 1560 765 1621 καί
782 1553 1049 1643 ἀναλαμβύνητιιι
1065 1555 1098 1632 ἐξ
1122 1551 1225 1622 αύτῦν
1248 1559 1284 1621 τό
1301 1554 1422 1643 ἀνῆκον
1441 1551 1529 1643 αύτη,

266 1677 286 1767 ἡ
311 1681 459 1764 βασιλεία
476 1701 545 1765 μου,
570 1691 629 1746 των
654 1677 687 1744 δν
711 1676 793 1767 αύτη
810 1677 1014 1765 ἀσκουμένων
1039 1690 1188 1767 μοναχῶν
1204 1690 1404 1768 προσχυῦσα,
1432 1681 1530 1766 δισρί·

267 1807 354 1878 ζεται
376 1805 431 1868 διὰ
454 1814 508 1870 τοῦ
531 1806 685 1890 παρόντος
709 1799 806 1892 αύτης
836 1800 1039 1891 ἀπολυθῆναι
1066 1804 1139 1877 τούς
1166 1806 1327 1878 τοιούτους
1354 1809 1530 1891 παροίκους

266 1936 322 2014 τῆς
345 1927 550 2019 δηλωθείσης
573 1935 672 2013 μονῆς
697 1930 784 2012 παρὰ
807 1936 868 1992 τόν
891 1931 977 1992 κατὰ
1003 1930 1118 2002 τύπους
1143 1929 1387 2015 διενερηυύντων
1417 1931 1530 2012 δικαίῳ

264 2061 319 2118 τοῦ
346 2053 520 2140 δημοσίου,
549 2049 596 2124 οἷς
624 2047 712 2116 ούτοι
745 2053 1001 2138 προσερρύηααν,
1034 2055 1112 2140 πρός
1139 2055 1175 2118 τό
1205 2059 1302 2140 μόρος
1330 2049 1430 2139 αὐτῆς
1459 2051 1530 2118 ἄνευ

267 2177 365 2256 λόγου
399 2177 482 2248 τινός
509 2178 566 2240 καὶ
592 2179 790 2264 προφάσεως·
825 2176 957 2262 θύλημα
985 2179 1046 2263 γὰρ
1069 2157 1146 2263 ’ἔχει
1172 2173 1192 2265 ἡ
1222 2177 1369 2261 βασιλεία
1399 2197 1462 2264 μου
1490 2175 1529 2262 μή

267 2301 466 2386 στερηθῆναι
493 2300 549 2386 την
576 2300 724 2385 τοιαύτην
752 2299 849 2385 μονὴν
877 2297 947 2372 ἑνός
969 2309 1031 2364 τῶν
1058 2302 1205 2366 τοιούτων
1232 2305 1393 2387 παροίκων
1424 2297 1530 2386 αύιης,
1564 2359 1565 2362 ,

268 2421 339 2489 ἀλλ’
368 2421 571 2510 ἀπολυθῆναι
598 2423 728 2494 τούτους
756 2417 836 2509 αὐτῇ
863 2425 952 2508 παρὰ
985 2432 1045 2488 των
1071 2427 1274 2510 κατεχόντων
1301 2435 1341 2512 τῇ
1374 2421 1531 2512 δμρανείρ

269 2554 324 2612 τοῦ
351 2549 507 2632 παρόντος
536 2542 670 2632 ὁρισμοῦ
698 2553 754 2632 τῆς
781 2544 946 2629 βασιλείας
975 2567 1051 2632 μου,
1080 2542 1166 2620 ὅστις
1193 2551 1247 2612 καί
1275 2545 1419 2628 ἐγεγόνει
1454 2542 1531 2632 αύιη

268 2669 314 2744 εὶς
339 2667 514 2758 ἀσφάλειαν
538 2673 566 2750 †.

356 2791 508 2880 ῒΕἰχε
536 2795 594 2858 τό·
619 2790 867 2880 μηνίμαΐιρ
893 2791 974 2858 ίνδ.
998 2789 1299 2880 διυτόραςδι’
1325 2791 1531 2881 ἐρυθρῦν

268 2916 1423 3005 γραμμάτωντῆςβασιλικῆςκαίθιίαςχειρόςῒ.
1564 2991 1565 2994 ¹

355 3125 469 3210 †T&
507 3125 695 3214 χαρτῴα
733 3127 1034 3216 δικαιώματα
1073 3137 1149 3194 τοῦ
1188 3133 1418 3216 μετυχίου
1457 3137 1531 3216 τῆς

269 3245 531 3336 όπεράγνου
565 3246 686 3338 ἡμῶν
713 3253 950 3316 θεοτύκυυ
978 3261 1057 3340 της
1090 3251 1530 3339 Ἀμαναριωτίσσης

271 3371 1307 3464 ᾰπδτωνὧδελαμβανουαιτήνκαταρχηνῒ.

524 3549 669 3620 ovan.
686 3552 916 3634 6760—1252,
932 3572 1041 3620 menso
1055 3551 1142 3632 iulio,
1158 3552 1224 3620 ind.
1241 3553 1279 3622 X.

270 3679 455 3744 Ηίτνοίύιιω,
476 3684 624 3754 epiecopus
643 3681 783 3754 Μεκσεαύ,
801 3685 1004 3738 ωοπαείετίιιπι
1023 3683 1054 3742 S.
1079 3683 1198 3741 Mariae
1217 3682 1468 3742 Λιπυπατίοτύεεαι
1483 3685 1531 3740 dat

714 3789 861 3861 fratribus
875 3789 1079 3848 monomachia.

359 3901 458 3984 ’[Τό
482 3913 555 3968 τυῦ
580 3901 1102 3972 ἐπισκόπουΜονοίκυυ
1126 3905 1531 3996 ἐκδοτήριυνπρδς

271 4025 1226 4114 τύνΜονομόχονΚωνσταντῖνυνκαίτόν
1250 4029 1531 4121 αύτάδελρον

269 4147 516 4216 αύτούτόν
540 4151 1069 4240 ροναχόνΧαρίτωναῒ.

361 4278 381 4358 †
407 4273 535 4363 Ἐπειδὴ
565 4279 645 4342 θεοῦ
681 4272 829 4364 εύμενείτρ
857 4281 914 4343 καὶ
946 4281 1055 4366 χάριτι
1080 4283 1135 4346 τόν
1170 4277 1385 4347 ἀποστολικδν
1418 4283 1530 4366 θρόνον

273 4407 330 4487 τῆς
355 4401 542 4467 θεοσύστυυ
567 4402 691 4475 πόλιως
723 4399 884 4467 Μονοίκυο
918 4401 1149 4489 όμπεπίστευκύ
1178 4426 1232 4492 μοι
1264 4407 1374 4493 κύριος
1401 4403 1418 4472 ό
1446 4407 1529 4482 θεός,

274 4520 322 4597 ούς
343 4528 492 4610 κρίμασιν
517 4523 599 4589 οἶδεν
624 4520 720 4599 αύτός
743 4529 798 4590 καί
823 4525 929 4592 ἔννοια
952 4537 1040 4592 πᾶσα
1063 4523 1197 4616 ἡττᾶται
1212 4539 1252 4616 τῇ
1276 4525 1365 4616 ἡμῶν
1387 4531 1530 4594 ταπεινό-

273 4667 358 4732 τητι,
390 4646 441 4713 όπί
464 4671 497 4712 τι
520 4660 584 4722 τοῖς
609 4643 737 4728 τύαηέσι
759 4653 816 4714 καί
838 4653 942 4724 θείοις
969 4661 1055 4724 ναοῖς
1079 4650 1123 4726 είς
1146 4651 1334 4734 δοξολογίαν
1360 4657 1416 4719 καί
1439 4649 1530 4740 ύμνον
