3228 5296
300 263 342 325 58

384 453 1214 543 [λξἮδιαθῆκητούκτῆτοροςτού
1239 457 1584 540 μιτοχίουτού

297 577 434 658 άγίου
469 577 864 666 Παντελεῆμονος
897 583 927 660 †.

383 701 1444 790 ’γἈλόξιοςίερεύςδΤεσαίτηςοίκείηχειρί
1471 721 1583 787 προ-

296 829 436 902 ίταξα
469 830 499 907 β

383 953 405 1030 †
438 947 477 1016 Οἱ
510 951 620 1022 θείους
655 948 762 1023 οἴκους
798 947 1011 1036 ἀνεγείροντες
1046 947 1079 1014 ἐν
1113 954 1210 1037 τρισίν
1244 946 1437 1015 ὑποθέσεσιν
1476 957 1580 1013 τούτο

294 1083 430 1152 ποιούσι,
455 1075 490 1138 τύ
515 1079 571 1160 μὲν
595 1083 717 1160 πρῶτον
742 1072 787 1147 είς
811 1076 846 1139 τύ
872 1073 1076 1160 ἐξομνείσθαι
1098 1076 1134 1139 τύ
1163 1076 1263 1153 θεῖον,
1291 1076 1327 1138 τύ
1356 1074 1392 1137 δὲ
1420 1073 1583 1158 δεύτερον

289 1191 340 1272 Ιτίς
363 1199 398 1262 τό
422 1193 656 1283 ύπερεύχεαθαι
679 1206 734 1261 τού
761 1199 899 1282 κράτους
922 1207 982 1262 τῶν
1012 1198 1183 1282 βασιλέων,
1212 1199 1248 1262 τύ
1276 1203 1378 1284 τρίτον
1401 1197 1445 1268 δὲ,
1462 1196 1514 1270 εἰς
1542 1199 1582 1261 τύ

296 1323 503 1408 μνημονεύειν
538 1321 610 1394 τούς
649 1317 753 1385 ἐκεῖσε
788 1323 1011 1406 τεθαρμόνυυς
1045 1324 1101 1386 καί
1135 1317 1322 1409 ἁπανταχού
1361 1319 1582 1408 όρθοδόξους,

297 1443 375 1528 δθεν
398 1443 490 1524 κάγὼ
513 1443 655 1518 Ἀλόξιος
671 1441 773 1530 ἱερεύς
797 1441 814 1510 δ
837 1441 1007 1532 Τεσσίτης,
1030 1441 1048 1509 ό
1073 1443 1198 1510 ἀνωθεν
1219 1453 1273 1510 τού
1295 1448 1451 1531 παρόντος
1469 1441 1582 1534 ύφους

297 1566 515 1654 οίκειοχείριυς
534 1569 701 1653 προτάξας,
727 1568 782 1655 τῆν
810 1575 974 1654 παροῦσαν
999 1567 1159 1656 ἔγγραφον
1186 1572 1243 1632 καί
1266 1565 1484 1656 ἀνυπόγραρον
1514 1568 1580 1632 ὲκ-

294 1693 488 1780 δοτηριακῆν
523 1695 705 1780 συμφωνίαν
740 1694 796 1756 καί
831 1689 1009 1780 ἀσφάλειαν
1043 1694 1175 1779 τίθεμαι
1209 1689 1268 1757 καὶ
1300 1702 1379 1758 ποιῶ
1411 1689 1581 1766 ἑκουσίως

295 1821 351 1882 καί
392 1815 668 1904 ἀμεταμελῆτιυς,Ι
697 1811 756 1882 ούκ
796 1815 834 1882 ἔκ
875 1836 958 1889 τινος
993 1814 1139 1905 ἀνάγκης
1178 1813 1198 1905 ῆ
1241 1817 1312 1901 βίας
1350 1813 1372 1902 ῆ
1406 1817 1513 1904 φόβου
1558 1815 1580 1903 ἢ

295 1941 392 2004 δόλου
425 1938 447 2029 ἢ
487 1949 691 2027 συναρπαγῆς
729 1937 750 2028 ἢ
789 1937 933 2014 ίδιυτίας
961 1937 982 2028 ἢ
1015 1937 1184 2027 ἀγροικίας
1217 1939 1238 2029 ἢ
1271 1945 1407 2026 νομίμου
1441 1944 1581 2027 φάκτου

296 2061 429 2145 ἀγνοίας
454 2061 475 2152 ῆ
505 2061 606 2150 ἀλλης
634 2063 675 2151 δῆ
702 2083 787 2138 τινος
815 2063 1016 2150 συμπλοκῆς,
1047 2064 1169 2150 μᾶλλον
1199 2067 1255 2150 μὲν
1279 2060 1333 2128 ούν
1358 2065 1438 2150 μετά
1460 2066 1582 2150 πάσης

287 2171 356 2273 μου
385 2197 441 2274 τῆς
467 2189 650 2274 προθυμίας
678 2191 736 2252 καί
767 2184 946 2274 ἁπλότητος
974 2189 1106 2274 τίθεμαι
1136 2167 1195 2252 καί
1218 2197 1297 2253 ποιῶ
1325 2185 1481 2256 ἑκουσίως
1513 2191 1581 2252 καί

294 2308 544 2397 ἀμεταμελῆτιυς
572 2313 649 2396 πρός
684 2314 731 2390 σὲ,
760 2313 813 2376 τόν
847 2315 1085 2377 πανοσιύτατον
1111 2313 1360 2398 καθηγούμενον
1383 2318 1439 2397 τῆς
1467 2313 1580 2395 σεβα-

293 2437 389 2519 σρίας
418 2434 587 2521 βασιλικῆς
623 2443 721 2520 μονῆς
749 2443 807 2521 τῆς
835 2430 1048 2522 ύπεραμύμου
1083 2435 1253 2522 δεσποίνης
1286 2431 1376 2523 ἡμῶν
1403 2436 1578 2499 θεοτύκοο

292 2567 352 2622 τῶν
373 2555 519 2644 Λόμβιυν,
543 2567 604 2644 κύρ
627 2555 814 2644 Γεράσιμον,
838 2562 895 2623 καί
918 2559 972 2623 διὰ
996 2565 1053 2623 σού
1068 2561 1146 2644 πρός
1170 2559 1204 2624 τύ
1229 2555 1288 2624 ύπό
1305 2563 1342 2623 οὲ
1366 2555 1450 2623 όταν
1468 2563 1576 2644 μέρος

290 2689 346 2766 τῆς
375 2677 472 2767 αύτῆς
507 2678 601 2761 ἁγίας
629 2691 738 2769 μονῆς·
774 2677 832 2746 καί
859 2685 920 2768 γὰρ
950 2683 985 2746 τό
1013 2686 1101 2769 παρὰ
1129 2689 1185 2748 τού
1208 2684 1328 2769 πατρός
1352 2704 1413 2770 μου
1437 2680 1574 2749 λκείνοο

290 2811 345 2869 τού
375 2809 552 2891 μακαρίτου
579 2813 677 2890 κυρού
704 2802 821 2870 Λοοκά
849 2807 1068 2892 κατεχόμενον
1097 2800 1273 2894 ιύκτῆριον,
1297 2808 1333 2871 τό
1362 2809 1419 2872 καί
1449 2803 1576 2872 ίπσνο-

291 2931 472 3014 μαξόμενον
500 2925 517 2994 ὁ
546 2924 637 3008 ἅγιος
665 2926 915 3017 Παντελεῆμιον,
950 2932 986 2994 τύ
1014 2931 1070 2994 καὶ
1098 2929 1300 3016 διακείμενον
1330 2928 1362 2995 ἐν
1389 2929 1433 3017 τῷ
1455 2929 1574 2996 ἐπάνω

290 3047 357 3137 ὄρει
385 3061 440 3138 τῆς
467 3050 635 3126 Μανταίας
662 3049 725 3117 ἀπὸ
755 3053 955 3141 μεσημβρίας
983 3061 1039 3140 τῆς
1067 3048 1166 3140 αύτῆς
1200 3045 1323 3140 χ’ύρας,
1354 3053 1371 3118 δ
1398 3056 1455 3120 καί
1485 3052 1574 3142 ἀνῆ-

289 3194 375 3261 γειρε
403 3179 460 3241 καί
486 3173 744 3266 ίκαινυγράρησε
771 3179 828 3241 καί
855 3177 970 3242 κελλία
999 3175 1032 3243 ἐν
1061 3173 1145 3262 αύτῷ
1175 3175 1233 3242 καί
1256 3179 1419 3265 μοναχούς
1441 3183 1571 3264 προσό-

289 3319 393 3387 ρερεν,
418 3297 570 3372 ἐλθόντος
593 3301 629 3364 δὲ
655 3295 762 3378 αύτού,
785 3297 839 3364 ἵνα
856 3303 1024 3387 γχρήσηται
1041 3302 1083 3388 τῷ
1106 3303 1191 3366 πόλει
1210 3309 1266 3366 τού
1292 3303 1370 3386 βίου,
1394 3302 1570 3378 διετάξατο

289 3426 346 3488 καί
370 3424 533 3511 ἐπαφῆκεν
556 3419 629 3510 ῆμίν
653 3420 696 3495 ύς
719 3428 840 3510 γνησίῳ
865 3419 961 3488 αύτού
976 3425 1075 3504 παιδί,
1101 3423 1340 3506 ἀποκαθιστῶν,
1365 3448 1419 3512 μοι
1442 3426 1572 3512 κληρο·

289 3549 386 3632 νόμον
410 3550 466 3611 καί
488 3549 630 3634 κτῆτορα
654 3545 686 3612 ἐν
703 3557 741 3634 τῆ
764 3549 894 3634 τοιαύτη
920 3559 1011 3636 μονῇ,
1037 3552 1117 3634 μετὰ
1139 3550 1176 3614 δὲ
1200 3551 1256 3638 τῆν
1277 3548 1451 3634 ἀποβίυισιν
1476 3548 1569 3615 ὲκεί-

288 3691 343 3737 νου
371 3667 539 3758 ῆθὲλησάν
567 3691 648 3744 τινος
672 3681 731 3736 τῶν
754 3674 963 3757 χαιρεκάκιυν
988 3669 1164 3758 ἀνθρώπων
1191 3675 1238 3747 είς
1261 3672 1414 3761 δχλῆσεις
1436 3673 1569 3750 πολλάς

289 3789 455 3884 ύποφίρειν
483 3814 538 3880 μοι
565 3793 619 3857 διὰ
647 3794 702 3881 τῆν
730 3802 785 3858 τού
814 3791 907 3873 σίγίοο
934 3794 1197 3883 Παντελεῆμονος
1227 3801 1335 3885 μονῆν.
1363 3799 1569 3885 δραξάμενος

289 3927 365 3998 γοῦν
392 3919 457 3998 λγιδ
481 3920 603 3996 τούτου,
628 3914 807 4004 ἀνέδραμον
829 3920 907 4004 πρὸς
931 3921 984 3984 τόν
1008 3922 1161 4006 κραταιόν
1185 3925 1242 3986 καί
1270 3919 1362 4001 ἅγιον
1384 3918 1473 4009 ῆμύν
1499 3918 1567 3986 αύ-

288 4044 405 4130 θίντην
428 4045 485 4107 καὶ
509 4039 654 4126 βασιλέα,
679 4044 736 4105 καί
752 4036 920 4129 ύπίμνησα
943 4037 1019 4128 ύπὲρ
1036 4045 1158 4123 τούτου,
1183 4041 1348 4133 ἠμεράνισα
1372 4046 1408 4110 δὲ
1423 4047 1480 4110 καί
1504 4047 1567 4133 τῆν

290 4175 344 4232 τού
372 4171 490 4252 πατρός
519 4188 580 4252 μου
607 4165 783 4251 διαθήκην,
812 4169 868 4230 καί
896 4163 1051 4252 ἐδεξάμην
1075 4168 1164 4232 θεῖον
1192 4171 1248 4233 καὶ
1269 4169 1437 4252 βασιλικόν
1460 4189 1567 4255 προσ-

286 4293 422 4376 κυνητόν
457 4288 587 4377 δρισμύν
623 4294 677 4352 τού
707 4286 795 4374 ἔχειν
830 4289 865 4352 τό
895 4293 1025 4374 στέργον
1055 4292 1094 4354 τὰ
1123 4299 1180 4376 τῆς
1214 4291 1381 4380 διαθήκης
1415 4295 1472 4356 καί
1503 4299 1567 4381 τῆς

287 4423 397 4502 μονῆς·
430 4413 535 4480 δλθύν
564 4413 600 4476 δὲ
629 4414 668 4476 ιά
696 4419 748 4476 νύν
778 4408 968 4498 ἐθεασάμην
992 4413 1048 4499 τῆν
1072 4415 1218 4502 τοιαύτην
1243 4418 1356 4503 μονῆν,
1385 4412 1433 4480 ὅτι
1458 4413 1564 4502 ἀπόρ-

286 4561 381 4626 χεται
409 4537 453 4612 είς
476 4537 615 4623 παντελῆ
641 4535 818 4625 ἀφανισμόν
842 4539 899 4602 καί
922 4533 939 4602 δ
963 4538 1039 4611 ναός
1066 4535 1208 4624 ἀψαλτος
1231 4545 1288 4604 καί
1312 4537 1565 4628 ἀλειτούργητος

286 4665 342 4726 καί
365 4665 403 4727 τὰ
426 4665 512 4748 παρὰ
528 4672 584 4749 τῆς
609 4669 707 4747 μονῆς
723 4663 926 4747 κατεχόμενα
949 4665 1121 4748 πράγματα
1145 4666 1200 4728 καί
1214 4665 1373 4752 φοβηθείς
1396 4667 1432 4732 τό
1455 4668 1564 4752 κρίμα
