3140 5284
221 233 300 316 Ιιυυ

237 429 295 514 λην
324 423 505 512 ἐστήσαμεν
539 425 593 489 διὰ
628 425 751 511 μαύρης
784 427 901 510 πέτρας
928 419 1068 510 ἐχούσης
1095 422 1269 507 γράμματα
1296 415 1402 505 ύροια.
1437 414 1519 480 εἶτα

238 548 404 640 στρέφεται
429 551 506 636 πρὸς
534 547 665 636 ἄρκτον,
693 559 802 635 κρατεῖ
826 549 878 612 τὸν
902 543 996 612 αύτύν
1021 543 1101 632 ἀέρα
1124 543 1175 610 ἐπί
1196 543 1292 621 πολύ,
1321 539 1406 606 ἐῶσα
1432 537 1517 626 ἀρι-

238 680 335 761 στερὰ
365 678 421 760 μὲν
449 677 488 738 τὰ
516 675 628 738 δίκαια
656 683 716 737 πεῖν
740 671 935 758 Σμυρναίων,
971 670 1058 745 δεξιὰ
1081 673 1121 734 τὰ
1155 670 1406 753 περιοριζόμενα,
1435 663 1519 728 εἶτα

239 799 351 886 ἔχεται
374 808 428 864 τού
453 793 550 864 αύτού
575 795 669 884 ἀέρος
697 793 747 862 ἐπί
773 796 853 862 πολύ
887 798 946 860 καί
974 792 1148 881 ἀπέρχεται
1175 797 1271 878 μέχρι
1305 801 1365 855 των
1391 811 1518 876 χωρα-

238 929 315 1014 φίων
339 933 399 989 τῶν
423 922 605 1010 Τραχεινύν
629 932 689 986 τῶν
712 922 924 1010 διαφερόντων
947 918 990 1004 τῷ
1016 917 1181 1005 Σμυρναίῳ
1204 915 1338 996 Μιίντει,
1364 925 1423 979 τῶν
1448 917 1518 979 καί

236 1049 476 1136 πλησιαζόντων
499 1046 541 1134 τῷ
565 1044 668 1112 ἐκεῖσε
690 1049 915 1132 παρακειμένῳ
938 1043 1073 1130 λιβαθίιρ
1098 1041 1140 1130 τῷ
1162 1044 1219 1108 καί
1237 1042 1351 1126 λάκκῳ
1371 1037 1524 1119 ἐοικύτι,

239 1171 272 1240 ἐν
301 1171 331 1258 ιβ
359 1176 416 1236 καί
444 1171 546 1259 στήλη
574 1171 628 1238 διὰ
652 1171 774 1257 μαύρης
796 1173 914 1254 πέτρας
937 1167 1077 1256 ἐχούσης
1105 1169 1277 1253 γράμματα
1305 1162 1413 1252 ὅμοια·
1439 1164 1513 1230 ἀπὸ

236 1301 355 1385 ταύτης
380 1297 493 1392 ἔχηται
516 1303 571 1360 τού
588 1290 685 1361 αύτού
710 1291 805 1380 ἀέρος
826 1297 903 1381 πρύς
918 1295 1051 1380 δυσμὰς,
1076 1289 1181 1358 ὁδεύει
1204 1288 1251 1381 ἐφ’
1274 1289 1394 1370 ίκανύν,
1419 1311 1515 1376 κρα-

237 1435 284 1488 τεῖ
311 1423 367 1509 τήν
393 1421 535 1486 παλαιὰν
563 1415 638 1485 ὁδύν
665 1422 721 1483 καί
750 1415 926 1505 ἀπέρχεται
950 1421 1045 1504 μέχρι
1071 1417 1128 1483 καί
1151 1425 1207 1484 τού
1230 1415 1331 1501 ἄκρου
1354 1425 1409 1482 τοῦ
1433 1415 1514 1502 Ξη-

239 1546 439 1634 ροτροχιίλου
466 1546 522 1608 καί
555 1552 612 1630 τῆς
646 1539 750 1608 ἐκεῖσε
785 1546 1022 1629 παρακειμένης
1050 1545 1178 1629 τάφρου,
1214 1538 1255 1626 έοβ
1285 1538 1437 1627 ἀριστερὰ
1466 1543 1518 1606 τὰ

236 1671 350 1736 ύίκαια
379 1678 433 1736 τοῦ
461 1665 590 1756 Μάντη,
625 1667 713 1743 δεξιὰ
747 1671 786 1732 τὰ
819 1669 1070 1754 περιοριζόμενα·
1105 1664 1173 1731 εἶτα
1207 1670 1400 1752 γαμματίζει
1426 1669 1516 1752 πρὸς

238 1793 371 1880 ἄρκτον,
408 1793 520 1878 έχεται
548 1799 602 1857 τού
632 1787 728 1858 αύτού
757 1789 852 1877 ἀέρος
873 1792 952 1876 πρὸς
979 1791 1102 1876 δυσμὰς
1125 1795 1181 1856 καί
1205 1788 1380 1877 ἀπέρχεται
1408 1794 1517 1877 μέχρι

238 1927 294 2006 τής
315 1919 459 1990 παλαιᾶς
481 1913 557 1981 ύθού
580 1924 637 2001 τῆς
661 1913 706 1989 εἰς
728 1917 781 1980 τύν
804 1914 931 2000 Πύργον
955 1913 1187 2002 ἐπερχομένης,
1213 1913 1246 1979 ἐν
1268 1913 1300 2001 ιβ
1321 1918 1378 1981 καί
1400 1915 1514 2000 στήλη

238 2047 418 2130 μαρμαρίνη
448 2040 581 2106 πλατεῖα
609 2039 733 2126 ἔχουσα
761 2042 935 2126 γράμματα
958 2034 1065 2126 ὅμοια·
1095 2035 1158 2104 ἀπὸ
1185 2040 1302 2127 ταύτης
1324 2042 1381 2104 καί
1404 2035 1514 2112 αὖθις

239 2163 410 2255 στρέφεται
442 2165 520 2250 πρὸς
554 2163 691 2248 δυσμὰς,
721 2161 834 2251 ἔχεται
860 2171 915 2228 τού
945 2159 1041 2228 αύτού
1071 2161 1165 2249 ἀέρος
1189 2167 1248 2228 καί
1282 2171 1338 2250 τῆς
1364 2163 1517 2236 παλαιᾶς

127 2277 130 2282 ’
237 2288 314 2356 ύθού
336 2293 394 2354 καί
420 2289 577 2374 καταντᾷ,
613 2285 695 2354 ἔνθα
722 2286 849 2375 ἤρξατο.
879 2285 896 2353 ὁ
925 2295 1000 2368 γούν
1033 2289 1239 2373 περιορισμύς
1272 2298 1332 2352 των
1363 2283 1515 2374 ύπίργων

238 2417 294 2482 καί
311 2413 505 2498 νομαύιαίων
528 2415 630 2477 τύπων
654 2419 709 2498 τής
734 2421 832 2500 μονής
856 2407 941 2478 ούτω
956 2411 1198 2498 θιελαμβάνετο,
1223 2415 1279 2478 καί
1303 2413 1336 2477 έν
1361 2415 1417 2498 μέν
1441 2423 1515 2486 τοῖς

238 2537 348 2612 ἄλλοις
377 2532 529 2620 ούύεμίαν
553 2533 622 2622 εἶχε
646 2535 701 2622 τήν
725 2533 976 2624 ἀμφισβήτησιν,
1001 2533 1033 2600 ἐν
1058 2533 1084 2624 ᾧ
1107 2540 1162 2600 καί
1185 2537 1408 2622 διαλαμβάνει
1436 2534 1513 2600 εἶτα

239 2665 407 2749 στρέφεται
433 2662 512 2748 πρὸς
540 2658 666 2746 ἄρκτον,
690 2670 800 2746 κρατεῖ
825 2663 879 2726 τύν
908 2656 1004 2728 αύπύν
1032 2657 1113 2748 ἀέρα
1141 2659 1191 2726 ἐπί
1218 2661 1298 2728 πολύ
1326 2665 1383 2725 καί
1405 2658 1514 2748 ἀπέρ-

237 2807 331 2872 γεται
359 2788 456 2870 μέχρι
490 2787 547 2850 καί
574 2793 640 2874 τωή
668 2783 803 2848 δικαίων
833 2795 894 2850 τῶν
928 2790 1100 2874 χωραφίων
1128 2794 1189 2850 τῶν
1222 2785 1432 2872 διαφερόντων
1462 2785 1516 2870 περ’

239 2909 404 2996 Σμυρναίιρ
431 2907 554 2974 Μάντει
581 2911 638 2972 καί
667 2905 740 2994 έξής
766 2905 828 2982 ἕως
854 2917 910 2974 τού
938 2907 1200 2996 Ξηροτροχυῖλου,
1230 2905 1289 2976 ούκ
1313 2907 1407 2995 ύλίγη
1431 2911 1513 2974 τού-

239 3056 305 3106 τοις
327 3030 348 3120 ή
370 3033 547 3119 ἀμφιβολία
576 3033 771 3110 καθίστατο,
797 3037 854 3098 καί
882 3036 921 3098 τὰ
948 3037 1153 3121 γνωρίσματα
1175 3029 1215 3121 ήν
1243 3033 1394 3120 ἑκάτερος
1417 3035 1512 3120 διερ-

243 3158 387 3242 μηνεύων
415 3166 476 3219 τῶν
500 3159 600 3220 τύπων
634 3155 738 3229 ἄλλως
762 3159 818 3221 καί
842 3151 879 3224 ού
903 3161 987 3222 κατὰ
1013 3161 1087 3244 μίαν
1111 3161 1227 3246 φωνήν·
1250 3155 1341 3246 ήμεῖς
1365 3155 1392 3222 θ’
1417 3157 1518 3244 αἰτη-

243 3283 377 3365 σάμενοι
401 3278 519 3365 ἄνδρας
543 3278 588 3352 είς
613 3285 794 3365 μαρτυρίαν,
820 3281 931 3368 μηδενί
955 3283 1071 3347 τούτων
1095 3277 1321 3367 ύπυκειμένους
1337 3285 1393 3347 καί
1416 3285 1521 3370 φιλα-

242 3403 357 3491 λήθεις
391 3406 449 3468 καί
477 3413 537 3466 τῶν
572 3406 673 3467 τύπων
707 3394 894 3490 εὶδήμονας,
928 3407 1134 3494 παρέστησαν
1160 3402 1235 3493 ήμῖν
1262 3411 1319 3471 καί
1348 3405 1519 3494 ἀμφύτερα

243 3530 283 3590 τὰ
312 3529 392 3612 μέρη
422 3523 523 3611 ἄνδρα
545 3531 676 3610 περίπυυ
700 3529 739 3591 τὰ
763 3525 966 3614 ύγβυήκοντα
988 3526 1045 3594 καὶ
1067 3531 1145 3615 πρὸς
1168 3527 1367 3617 ἐληλακότα,
1396 3531 1517 3616 κλῆσις

243 3651 280 3714 δέ
304 3645 390 3734 αύτῷ
414 3646 558 3736 Μιχαήλ,
587 3651 622 3714 τό
646 3645 674 3714 δ’
700 3648 832 3738 ἐπίκλην
854 3651 1030 3738 Βαρύχειρ,
1055 3650 1099 3726 ύις
1123 3651 1160 3718 ἂν
1184 3654 1220 3717 δέ
1244 3655 1367 3727 τούτοις
1394 3655 1515 3741 λυθείη

243 3779 300 3840 καί
322 3768 342 3860 ἡ
366 3774 497 3846 διένεΕις
521 3777 576 3838 καί
601 3772 743 3861 εέρηναῑα
766 3773 815 3862 εἴη
838 3779 1035 3849 κατάστασις
1059 3774 1104 3850 είς
1131 3779 1166 3841 τύ
1191 3776 1385 3863 ἔμπροσθεν·
1413 3774 1515 3864 ἠκού-

244 3915 345 3982 σαμεν
368 3899 428 3982 γὰρ
452 3901 509 3960 καί
532 3906 587 3983 τῆς
616 3906 670 3968 τού
693 3900 774 3963 θευύ
798 3897 976 3986 ἐκκλησίας
998 3899 1183 3986 διαπρυσίου
1206 3905 1356 3987 κήρυκος,
1381 3900 1516 3968 Παύλου

243 4022 327 4100 λέγω
350 4028 405 4086 τού
430 4023 565 4095 σκεύους
589 4031 645 4107 τῆς
669 4019 822 4107 ἐκλογῆς,
847 4019 890 4094 ὣς
911 4023 1010 4108 πέρας
1036 4027 1144 4110 πάσης
1173 4021 1356 4104 ἀντιλογίας
1383 4024 1429 4098 είς
1457 4027 1514 4109 βε-

246 4145 377 4230 βαίωσιν
406 4141 423 4208 ὁ
451 4141 561 4230 ὅρκος,
591 4142 653 4210 ἀνὰ
680 4155 792 4231 χεῖρας
818 4145 927 4228 λαβεῖν
955 4143 1051 4212 αύτόν
1080 4149 1133 4212 τὸν
1161 4157 1216 4214 τού
1243 4154 1354 4234 κυρίου
1377 4153 1515 4235 σταυρύν

247 4264 333 4350 αύτῷ
358 4271 597 4354 προετρέψαμεν
623 4272 680 4333 καί
704 4263 803 4342 ούτως
831 4278 986 4358 φανερυύν
1010 4267 1083 4358 ήμῖν
1111 4267 1206 4336 αὐτὸν
1231 4276 1270 4337 τὰ
1298 4277 1515 4359 γνωρίσματα,

248 4389 335 4476 ἃτιβ
352 4391 489 4478 παλαιῷ,
514 4387 556 4465 ὣς
582 4389 714 4480 ἔφημεν,
738 4393 971 4480 διιλαμβιίνετυ
994 4395 1200 4480 θικαιύματι·
1224 4396 1341 4472 ίδειίελ
1365 4394 1419 4462 υύν
1443 4393 1519 4484 ήμῖν

249 4511 345 4588 αύτύς
373 4519 413 4581 τὰ
441 4521 657 4603 γνωρίσματα,
694 4515 761 4584 ἐπεὶ
787 4517 830 4605 τιβ
858 4519 972 4606 μακρῷ
998 4523 1103 4606 χρόνῳ
1132 4519 1165 4585 αἱ
1193 4523 1308 4608 στήλαι
1334 4529 1390 4586 τοῦ
1418 4523 1518 4588 τύπου

253 4636 489 4726 ἐξεβλήθησαν,
516 4643 573 4704 καί
595 4645 669 4714 νέας
697 4638 788 4728 ἡμεῖς
811 4641 966 4729 ἐτάξαμεν
986 4645 1120 4730 τεθήναι
1144 4645 1276 4732 στήλας,
1301 4641 1344 4718 ὣς
1368 4642 1518 4710 ἐντεῦθεν
