3228 5296
1321 287 1360 350 19

77 479 314 600 οἐνιιοκοιίμενυι
351 484 410 544 καί
446 478 491 554 οἷς
526 479 570 554 είς
606 499 721 566 ταμεια
756 491 816 545 τῶν
845 478 878 544 έν
907 475 1014 554 αὐτοῖς
1041 481 1201 565 χρειωδιόν
1229 484 1286 546 καί
1313 477 1360 554 οἷς

105 603 206 690 ἑτέροις
237 604 441 668 πολοειδέσιν
469 601 710 690 ὁπηρετοόνται,
745 609 802 670 καί
838 605 999 691 μοναχοός
1034 602 1188 670 ἐκάθισεν
1217 600 1248 670 ἐν
1279 599 1360 690 αὐτῇ

104 733 148 792 καί
166 731 301 813 τρόπους,
327 725 364 802 ἐξ
387 725 431 790 ὧν
449 725 555 801 αὐτοῖς
579 726 596 793 ὁ
616 731 770 814 πορισμὸς
794 738 849 793 του
875 733 931 814 ζῆν
948 725 1141 814 ἐχορήγησε,
1166 731 1222 792 καί
1245 731 1360 814 χρυσό-

106 853 221 934 βουλλος
247 851 346 929 λόγος
368 847 476 924 αὐτοῖς
499 851 729 938 προσαπολόθη
759 862 814 938 τῆς
844 851 1008 935 βασιλείας
1037 871 1108 936 μου,
1132 851 1360 936 διαλαμβάνων

104 977 147 1060 τὴν
168 972 436 1061 ἐπιγεγενημένην
460 986 498 1061 τῇ
523 985 604 1062 μονῇ
627 978 826 1040 κατάστασιν
850 973 900 1040 ἐπί
924 975 1061 1048 τούτοις·
1092 971 1178 1038 ἀλλὰ
1201 982 1256 1042 τοῦ
1280 977 1362 1061 χρό-

103 1120 146 1164 νου
163 1101 397 1183 προκόπτοντος
413 1103 471 1164 καί
495 1110 554 1162 των
578 1102 663 1164 κατὰ
687 1099 742 1184 τήν
759 1100 856 1184 μονὴν
881 1101 1184 1188 συμπροκυπτόντων
1208 1102 1265 1162 καί
1289 1117 1363 1162 συν-

104 1223 286 1286 ετιδιδόντων
316 1221 360 1308 τῷ
387 1226 507 1308 χρόνῳ,
536 1223 609 1288 δέον
642 1220 682 1309 ἦν
716 1226 772 1286 καί
805 1223 879 1295 τοδς
906 1227 977 1308 περί
1005 1218 1087 1288 αὐτὰ
1115 1222 1360 1298 συνεξαλλοιοό-

104 1349 169 1410 σθαι
193 1348 326 1425 λόγους,
359 1345 388 1410 εί
413 1347 565 1432 μέλλουσι
593 1349 649 1431 τὴν
673 1357 732 1410 τῶν
756 1349 949 1432 πραγμάτων
979 1344 1138 1430 ἀλήθειαν
1163 1344 1360 1434 ἀφηγεῖσθαι

102 1475 146 1534 καί
165 1472 205 1558 μή
229 1471 387 1558 χειρόνως
410 1471 431 1559 ἢ
455 1477 639 1558 κρειττόνως
664 1471 864 1552 ἐξαγγέλλειν
889 1468 984 1548 αὐτὰ,
1017 1467 1102 1536 ἀλλὰ
1125 1474 1211 1536 κατὰ
1234 1471 1289 1556 τὴν
1313 1470 1361 1534 εί-

102 1599 286 1684 ιονογράιρον
316 1601 434 1684 τέχνην
462 1599 517 1682 τὴν
546 1600 602 1669 τὰς
631 1593 776 1681 ὑπάρξεις
805 1605 866 1660 τῶν
887 1598 1081 1680 πραγμάτων
1109 1595 1359 1682 διαμορροδσαν,

102 1717 135 1789 ι’ῐις
159 1719 278 1805 ἔχουσι,
307 1719 465 1806 καὶπρὸς
489 1723 523 1786 τό
549 1719 672 1806 ἀληθές
698 1715 779 1784 αὐτὰ
807 1717 1062 1794 έξινδάλλουσαν.
1095 1715 1163 1782 ἐπεί
1184 1727 1258 1798 γοῦν
1288 1715 1362 1782 έπέ-

100 1863 176 1906 κεινα
198 1854 258 1907 τῶν
285 1842 599 1931 ὲμπεριειλημμένων
622 1843 666 1929 περ
695 1847 835 1929 προτέρῳ
863 1842 1091 1928 χρυσοβοιίλλιμ
1116 1851 1171 1928 τῆς
1196 1843 1361 1924 βασιλείας

101 1989 148 2050 μου
178 1971 375 2053 πραγμάτων
412 1977 467 2054 τῆς
496 1977 593 2053 μονῆς
621 1969 932 2053 προσεπεκτήθησαν
960 1967 1059 2050 ταύτῃ
1088 1969 1144 2030 καί
1176 1962 1283 2050 ἕτερα,
1320 1969 1361 2030 τὰ

101 2096 146 2174 μὲν
166 2089 203 2155 δι’
225 2089 370 2178 ὁρισμῶν
394 2101 452 2176 τῆς
477 2093 640 2175 βασιλείας
666 2113 740 2176 μου,
772 2095 811 2154 τά
835 2090 871 2154 δε
895 2087 928 2164 ίξ
959 2088 1145 2178 Ιόιγορασίας,
1174 2091 1213 2152 τά
1244 2089 1279 2152 δέ
1303 2094 1360 2153 καί

101 2213 150 2278 εἰτὸ
174 2217 400 2302 προσενέξειυν,
429 2217 542 2288 καθιδς
566 2213 583 2278 ό
606 2211 685 2279 καθ’
709 2211 840 2300 ὁρισμόν
864 2223 920 2299 τῆς
950 2213 1114 2296 βασιλείας
1136 2233 1196 2297 μου
1221 2214 1360 2292 γεγονὼς

102 2351 232 2427 τβμυνῇ
266 2340 433 2427 ἔγγραρος
459 2343 605 2424 περίορος
630 2341 715 2424 παρὰ
743 2347 797 2402 τοῦ
824 2339 1042 2423 περιποθήτου
1070 2337 1276 2422 συγγάμβρου
1304 2345 1360 2422 τῆς

103 2463 250 2544 βασιλείας
279 2485 353 2549 μου,
382 2463 662 2548 στρατοπεδάρχου
685 2471 742 2526 τοῦ
764 2463 909 2546 θέματος
932 2471 993 2526 των
1009 2460 1199 2546 Θρακησίων
1223 2465 1280 2526 καί
1303 2469 1360 2548 τῆς

103 2585 338 2674 Φιλαδελφείας,
369 2595 467 2672 κυροῖ)
497 2583 632 2673 Μιχαήλ
659 2593 714 2650 τοῦ
742 2585 856 2661 Φωκᾶ,
884 2585 1055 2670 διατρανοῑ,
1086 2588 1145 2650 καί
1175 2582 1360 2672 ἐδεήθησαν

101 2719 143 2794 τῆς
166 2713 333 2792 βασιλείας
358 2731 419 2795 μου
444 2710 473 2773 οί
490 2715 627 2796 μοναχοί
650 2711 704 2774 διὰ
728 2707 835 2794 έτίρου
855 2713 1137 2794 περιεκτικωτέρου
1159 2709 1357 2794 χρυσοβοιίλ-

33 2815 34 2820 ¹
99 2831 144 2895 λοο
164 2843 216 2920 τῆς
241 2835 411 2918 βασιλείας
437 2857 496 2918 μου
518 2835 752 2919 περισχεθῆναι
775 2841 876 2896 ταῦτα
898 2835 1011 2908 πάντα,
1037 2831 1058 2896 ά
1081 2830 1138 2896 καὶ
1161 2831 1223 2896 εἰσί
1245 2841 1355 2900 ταῦτα·

100 2953 169 3030 ἐντός
191 2968 246 3022 τοῦ
270 2961 422 3043 περιόρου
446 2967 501 3043 τῆς
525 2966 622 3042 μονῆς
646 2961 834 3042 προάστειον
862 2957 897 3020 τό
923 2953 1145 3040 ἐπιλεγόμενον
1169 2959 1210 3020 τά
1233 2953 1356 3044 Σφοδρ-

99 3101 149 3158 νιυ,
172 3079 246 3168 ὅπερ
270 3083 430 3168 περιῆλθε
455 3093 493 3167 τῇ
519 3091 598 3166 μονῇ
623 3079 660 3144 ἐκ
684 3083 894 3165 προσενέξεως
918 3087 973 3144 τοῦ
996 3077 1165 3144 Καλοειδά
1186 3077 1354 3165 Γεωργίου.

33 3195 34 3222 θ
100 3201 124 3265 ἐν
144 3205 180 3289 τῴ
206 3204 299 3290 αότιμ
320 3205 499 3290 προαστείῳ
523 3201 733 3290 όδρομυλικόν
759 3205 969 3289 ἐργαστήριον
993 3199 1193 3288 όλοκαιρινόν
1220 3207 1276 3268 καί
1299 3225 1355 3270 πε-

99 3331 217 3410 ριβόλιον
249 3334 331 3416 μετὰ
357 3329 494 3414 δένδρων
518 3328 743 3416 δπωρορόρων,
768 3325 848 3412 ἅπερ
870 3325 1067 3412 ἐπεκτήσατο
1095 3323 1115 3412 ἡ
1141 3329 1222 3413 μονὴ
1251 3325 1285 3404 έξ
1305 3327 1354 3392 οί-

96 3457 172 3515 κείων
196 3452 324 3528 ἐξόδων.
355 3452 399 3526 είς
428 3455 463 3516 τό
488 3457 606 3539 χωρίον
630 3453 687 3538 τόν
707 3449 873 3516 Μάνταιαν
898 3453 1046 3536 μετόχιον
1071 3447 1088 3514 δ
1113 3447 1204 3530 ἅγιος
1229 3450 1353 3518 Παντε-

95 3574 211 3661 λείμων,
237 3579 413 3664 περιελθὸν
442 3572 523 3662 αὐτῇ
547 3574 584 3640 ἐκ
608 3577 820 3660 προοενέξαως
847 3570 992 3649 Ἀλεξίου
1016 3572 1124 3660 ἱερέως
1153 3583 1208 3638 τοῦ
1232 3573 1351 3642 Τεσαΐ-

95 3721 137 3762 του
160 3707 214 3764 καί
243 3709 301 3766 τοῦ
332 3709 477 3786 μοναχοδ
504 3699 662 3784 Μαξίμου.
693 3699 822 3784 ἔχειτὰ
846 3706 989 3762 τοιοῦτον
1022 3701 1171 3784 μετόχιον
1206 3701 1262 3762 καί
1297 3695 1352 3762 ἐκ·

95 3825 215 3908 ιλησίαν
252 3825 363 3911 ἑτέραν
400 3823 448 3887 ἐπ’
481 3821 614 3908 δνόματι
648 3833 704 3909 τῆς
732 3819 903 3908 ὁπεραγίας
932 3821 1093 3888 Θεοτόκου
1121 3825 1177 3884 καί
1205 3823 1350 3906 γόρωθεν

95 3949 192 4012 τελλία
214 3955 274 4014 καί
298 3944 409 4034 αὐλὴν,
433 3949 548 4034 δένδρα
572 3944 761 4034 δπωρορόρα
785 3947 921 4033 διάφορα
944 3949 1001 4010 καί
1025 3954 1083 4031 γῆν
1108 3939 1251 4030 ὕπεργυν.
1278 3943 1350 4031 ἔχει

95 4073 123 4132 τό
148 4069 220 4136 αότό
258 4075 409 4159 μετόχιον
444 4071 501 4136 καί
527 4073 641 4157 δένδρα
670 4068 788 4136 ἐλαῑκά
814 4073 871 4134 καί
899 4072 1051 4156 χωράρια
1083 4069 1272 4153 διακείμενα
1304 4067 1349 4142 τίς

96 4194 140 4278 τόν
163 4195 340 4274 Μάνταιαν,
376 4195 586 4280 περιελθόντα
620 4205 659 4280 τῇ
695 4205 775 4280 μονῇ
809 4191 847 4260 έκ
869 4193 1081 4279 προσενέξεως
1110 4202 1169 4256 τῶν
1199 4188 1260 4256 ἀπό
1292 4201 1348 4279 τῆς

95 4313 243 4393 ίίανταίας
267 4329 408 4406 χωριτιῐιν
429 4329 490 4384 τῶν
513 4316 665 4403 ὀνομαστί
688 4319 892 4404 δηλουμένων
915 4315 948 4382 ἐν
971 4314 1017 4400 αρ’
1038 4317 1183 4400 πιριόρῳ,
1207 4320 1266 4380 καί
1288 4313 1347 4384 αδ-

93 4439 137 4524 λίρ
162 4447 408 4530 περιωρισμένην
439 4447 517 4529 μετὰ
544 4443 675 4508 κελλίοο
703 4440 772 4515 ἑνός
796 4445 852 4506 καί
875 4439 1051 4528 ἐκκλησίας
1078 4437 1249 4522 ἀσκεποός,
1277 4462 1345 4530 χω-

93 4569 187 4649 μίριον
215 4570 371 4648 σύνεγγυς
398 4577 455 4654 τῆς
476 4569 627 4651 τοιαύτης
647 4562 748 4652 αὐλῆς
775 4565 851 4652 ἕχον
875 4568 932 4630 καί
954 4565 1070 4650 δένδρα
1095 4561 1221 4643 ἐλαϊκόι,
1245 4585 1344 4648 κατε,-

92 4691 330 4778 ’γρμενονπαρὰ
359 4700 536 4778 τῆςμονῆς
552 4693 594 4766 ,έξ
619 4688 862 4776 άμνημονεότων
886 4692 1019 4776 χρόνων.
1048 4687 1080 4754 έν
1104 4692 1344 4795 ιῇτοιγυθεοίρ

1080 4801 1096 4852 2
1116 4793 1132 4831 ᾖ
