3168 5274
1256 241 1322 308 ³7⁷

57 435 236 502 ὑποθίσειυν
271 441 327 504 καί
358 439 499 524 πράξεων
534 439 588 504 θεά
624 439 878 524 χρυσοβουλλίου
913 439 1010 518 λόγου
1045 434 1211 516 λπιτελείν,
1247 433 1322 502 όσαι

57 564 280 647 θεσπισμάτων
307 560 439 646 δύναμιν
468 559 582 646 ἔχουσι
616 564 672 626 καί
698 555 770 645 παρ’
801 556 891 634 ὅσαις
919 562 954 624 τό
983 557 1215 648 ἀμετακίνητον
1242 580 1322 644 προ-

58 695 154 752 σεῖναι
180 687 302 758 σκοπός
331 683 377 760 τίς
403 686 668 772 περιειλημμένον
698 683 782 750 ἅπαν
806 685 839 750 όν
863 681 988 762 αόταίς,
1016 687 1073 758 τὰς
1096 682 1124 748 θ’
1153 682 1255 756 ἄλλας
1278 680 1322 760 ός

58 811 86 872 όν
112 807 248 896 ὑρισμοῦ
276 810 362 894 τὺπιρ
396 809 452 873 καί
485 812 729 894 προστάγματος
765 809 944 894 ἐκπληροῦν
983 811 1243 894 σεσημειωμίνου
1280 803 1321 872 δι’

59 932 195 1019 ίρυθρῦν
224 936 420 1020 γραμμάτων
449 935 501 1001 τὺν
530 943 614 1022 μήνα
643 944 752 1022 σαφοῦς
780 929 1034 1019 ὑποθηλοὺντιυν,
1069 930 1148 998 καθ’
1177 931 1212 996 όν
1241 931 1321 1018 ἔσχε

57 1060 218 1122 ὑιεκτεθὲν
240 1055 392 1136 ἕκαστον,
427 1059 480 1122 τόν
504 1052 598 1122 αὑτόν
623 1059 661 1144 δή
690 1058 786 1138 λόγον
819 1061 875 1122 καί
903 1069 967 1130 τοῖς
1001 1057 1053 1122 τόν
1090 1057 1320 1142 πατριαρχικὺν

58 1183 168 1266 θρόνον
202 1190 259 1268 της
287 1179 524 1248 Κανοταντίνου
559 1182 698 1268 λαχοῦσι
726 1193 855 1266 κοσμεῖν
891 1179 929 1246 λκ
962 1181 1100 1245 παλαιοῦ
1126 1183 1318 1266 κεχάρισται

60 1305 286 1384 οιγιλλιυίθεσιν
313 1301 534 1394 ὑπομνήμασιν
563 1305 837 1394 ὲίαοφαλίίεσθαι
864 1308 921 1380 τάς
946 1301 1126 1386 ἀναγκαίας
1153 1314 1212 1370 τῶν
1236 1299 1315 1370 ὑπο-

59 1432 192 1508 θέσεων,
228 1433 284 1504 τὰς
312 1427 339 1493 θ’
368 1427 470 1504 ἄλλας
504 1427 600 1518 ἑτάρῳ
629 1433 746 1515 τρόπιρ,
768 1430 811 1494 δι’
836 1426 1001 1517 λγγράφων
1029 1428 1154 1514 δηλαδή
1180 1429 1319 1514 σημειὺ·

60 1575 134 1618 οευν
162 1549 430 1642 ὑπογραφομίνων
465 1555 615 1620 κάτωθεν
643 1555 697 1618 όιὰ
721 1553 857 1640 μέλανος
880 1555 932 1616 τόν
957 1561 1056 1638 μήνα,
1079 1549 1158 1618 καθ’
1182 1551 1217 1616 όν
1240 1548 1320 1616 ἕκα-

61 1699 128 1742 στον
161 1681 273 1758 γῦγονε
308 1680 456 1764 συνήθως
484 1678 781 1763 διεγχαράττοντος.
817 1675 883 1742 ίπεί
911 1672 965 1740 οὑν
994 1673 1028 1740 αἱ
1055 1679 1321 1762 προηγησάμεναι

60 1805 173 1888 γραφαί
199 1805 428 1886 πατριαρχικαί
451 1803 546 1866 τόπον
570 1799 657 1886 εἶχον
681 1800 887 1879 σιγιλλιωθῦν
912 1795 1157 1886 ὑπομνημάτων,
1188 1797 1321 1874 εἰκότως

59 1929 109 1988 καί
130 1926 366 2012 προετέθησαν,
402 1922 436 1988 αἱ
459 1923 486 1988 θ’
510 1921 624 2010 ἑτέρως
653 1923 788 2010 ἔχουσαι
822 1927 942 2010 γραφαί
964 1925 1091 1995 ταὺταις
1128 1917 1319 2002 ὑπόκεινται,

8 2099 9 2104 ,
59 2050 132 2132 πρός
159 2046 285 2122 ὲκείνας
320 2051 397 2121 τέως
422 2045 673 2136 ἀναφερόμεναι,
710 2048 831 2133 μᾶλλον
854 2047 891 2111 δὲ
914 2049 991 2134 πρός
1015 2049 1067 2112 τόν
1092 2048 1211 2114 σκοπόν
1236 2044 1318 2110 ἀπο-

61 2175 213 2237 τείνουσαι
234 2175 291 2236 καί
314 2175 354 2237 τά
369 2169 441 2256 παρ’
466 2169 585 2236 θαυτῦν
602 2170 647 2244 τίς
671 2171 725 2258 τήν
750 2179 804 2236 τοῦ
827 2173 982 2256 παρόντος
999 2169 1093 2256 ἔργου
1116 2171 1317 2256 κατασκευήν

62 2299 325 2384 συνεισφίρουσαι,
349 2296 489 2382 δηλώσει
512 2297 547 2360 δὲ
572 2293 685 2381 ἑαυτήν
710 2293 831 2382 ίκάατη
848 2297 1000 2382 τιθεμόνη
1025 2301 1111 2382 σαφή
1134 2303 1319 2380 παριστῦοα

61 2422 110 2506 τήν
145 2419 308 2498 ὑπόθεσιν,
343 2420 421 2484 καθ’
459 2419 496 2506 ἣν
530 2421 679 2505 πρυβᾱσα
713 2421 755 2504 τῷ
788 2419 896 2504 πολλιηῖ
932 2421 1031 2504 τοότιρ
1067 2416 1155 2504 ἀνδρί
1183 2421 1253 2504 περί
1281 2421 1318 2484 τό

61 2542 183 2630 ἀκριβὲς
218 2552 274 2629 της
302 2540 478 2631 ἀσφαλείας
513 2553 572 2608 τῦν
604 2542 729 2608 οίκείυν
765 2552 866 2628 μονιῦν
894 2545 1146 2630 κεχορήγηται.
1192 2591 1201 2608 .
1248 2591 1256 2606 .
1302 2545 1316 2624 ]

141 2667 292 2748 Συνάγειν
328 2665 413 2730 οἶδεν
441 2663 460 2756 ή
490 2667 580 2755 φόσις
615 2665 661 2740 είς
690 2668 721 2732 θν
750 2670 789 2732 τά
817 2667 915 2752 ταὺτη
944 2669 1047 2732 κοινά.
1078 2675 1170 2732 τοῦτο
1204 2667 1239 2730 δὲ
1267 2662 1318 2734 tat

8 2873 9 2892 φ
60 2813 88 2854 τε
120 2802 178 2856 τῦν
196 2859 199 2864 ,
207 2794 404 2878 μετεχόντων
441 2795 536 2876 ίυής,
574 2790 625 2854 θπί
659 2813 692 2854 τε
720 2801 779 2855 τῦν
813 2793 915 2876 πάντη
949 2791 1154 2875 καθέστηκεν
1185 2759 1316 2874 ἀψύχων

8 2899 9 2926 ³
61 2911 138 2998 όρᾶν.
175 2914 270 2980 ίυθεν
294 2936 342 2978 τοι
369 2919 426 2980 καί
449 2917 641 2999 πραγμάτων
677 2910 727 2978 θπί
749 2916 872 2978 πάντων
906 2912 1226 2998 τοῦτοθιαβεβήκει,
1260 2916 1317 2976 καί

8 3015 10 3102 ι
62 3041 173 3124 μακρόν
203 3035 243 3102 ἀν
278 3037 327 3124 είη
355 3042 412 3102 καί
440 3033 477 3102 οὑ
505 3047 561 3102 τοῦ
596 3033 751 3122 ἡμετέρου
777 3040 833 3102 καί
861 3036 958 3116 λόγου
985 3037 1042 3100 καί
1067 3033 1163 3120 ἔργου
1186 3037 1222 3100 τό
1245 3037 1315 3140 περί

61 3163 163 3228 τοῦτου
191 3162 389 3250 φιλοσοφεῖν,
413 3157 449 3226 οὑ
474 3156 501 3225 δ’
527 3159 647 3225 εἵνεκεν
671 3158 716 3234 είς
740 3160 879 3248 κορυφήν
907 3161 1146 3245 προυκαθεσθη
1174 3167 1229 3224 τοῦ
1259 3158 1317 3222 λῦε

61 3303 110 3360 γοο
143 3283 160 3350 ὑ
182 3286 400 3370 περιπόθητος
425 3285 568 3370 γαμβρός
597 3291 652 3348 τοῦ
675 3287 846 3368 κρατίστου
870 3285 926 3346 καὶ
950 3279 1042 3362 οὑγίου
1066 3303 1127 3367 μου
1151 3275 1315 3367 αὑτοκράη

8 3407 9 3478 ζ
60 3429 155 3494 τορος,
192 3405 417 3488 εὑγενόστατος
444 3407 627 3494 Κυμνηνὺς,
663 3404 696 3472 ἐν
720 3403 801 3490 ἁγίῳ
824 3407 976 3490 πνεύματι
1011 3408 1141 3492 γνήσιος
1171 3404 1237 3480 υἱὺς
1260 3414 1317 3492 τῆς

8 3505 9 3512 ¹
60 3525 137 3616 ἡμῦν
154 3536 366 3619 μετριότητος,
390 3540 451 3617 κῦρ
472 3530 635 3608 Νικόλαος
659 3527 676 3596 ὑ
699 3529 920 3617 Μαλιασηνός,
944 3535 1126 3618 συμφωνίας
1150 3528 1315 3620 ἐνεφάνισε

60 3653 163 3730 θισσὰς
191 3668 229 3743 τη
257 3653 345 3742 ἡμῶν
374 3658 565 3742 μετριότητι,
599 3652 715 3731 αἵτινες
739 3653 883 3734 ἐγίνοντο
917 3657 1003 3740 παρά
1038 3675 1121 3732 τινος
1156 3663 1314 3742 μοναχοῦ,

59 3778 221 3854 Θεοδόσιος
247 3777 331 3865 αὐτῷ
354 3782 389 3846 τό
418 3775 529 3864 ὄνομα,
556 3779 836 3865 διαλαμβάνουσαι
863 3780 1125 3864 προσκυροῦσθαι
1151 3778 1223 3866 παρ’
1253 3775 1314 3880 αό-Ι

59 3912 104 3969 τοῦ
131 3919 170 3993 τή
200 3907 363 3990 σεβασμίσρ
388 3913 604 3990 πατριαρχική
640 3913 720 3990 μονή
745 3911 801 3988 τῆς
828 3897 1003 3989 ὑπεράγνου
1027 3923 1087 3989 μου
1110 3905 1314 3992 θεομήτορος

60 4036 105 4113 τῆς
127 4025 394 4115 Μακρινιτίσσης,
429 4023 467 4114 ής
492 4027 640 4113 δομήτωρ
664 4023 680 4090 ὑ
705 4029 816 4092 τοῦτου
839 4028 952 4112 πατήρ,
976 4024 1033 4092 καὶ
1056 4021 1148 4102 οὑτος
1170 4029 1206 4090 τό
1233 4022 1313 4113 ήσυ-

60 4156 238 4240 γοοτήριον,
268 4153 323 4238 τήν
351 4149 538 4230 Ῥοίσουσαν,
574 4148 624 4216 ἐπί
652 4155 872 4236 οταυροπηγίιρ
900 4151 1120 4236 πατριαρχικῷ
1145 4153 1200 4216 καί
1235 4145 1313 4228 αὑτά

62 4270 99 4352 όν,
121 4275 162 4352 ὣς
186 4275 224 4342 ἀν
248 4275 294 4350 τίς
321 4279 471 4362 μετόχιον
507 4274 555 4374 εἴη
579 4285 618 4362 τή
642 4272 787 4358 ἀνωτέρω
816 4272 966 4358 τίρημὲνη
991 4284 1071 4359 μονή
1107 4282 1162 4360 τής
1188 4271 1313 4358 Μακρι-

62 4405 203 4488 νιτίοσης,
237 4403 470 4486 προσαρμόζων
495 4419 527 4460 τε
563 4399 662 4484 ταύτῃ
686 4401 742 4462 καί
766 4401 805 4461 τὰ
832 4395 900 4482 ἱερά
924 4400 980 4462 καί
1013 4400 1069 4469 τὰς
1093 4397 1223 4480 βίβλους
1257 4399 1313 4462 καί

62 4521 152 4588 πόλλα
173 4527 286 4602 πάντα,
311 4490 431 4607 ὅσαπερ
456 4519 558 4606 ἐκεῖσε
588 4524 776 4604 γέγραπται,
805 4523 844 4582 τοί
867 4525 894 4584 τ’
919 4517 981 4584 ἀπό
1005 4520 1128 4604 δωρεᾶς
1151 4527 1206 4586 τοῦ
1222 4495 1310 4622 κτήη

63 4663 143 4730 τορος
177 4658 239 4746 τής
269 4646 518 4732 Μακρινιτίσσης
556 4646 792 4741 προογεγονότα
831 4643 873 4729 τῴ
909 4643 1095 4728 διδασκάλῳ
1133 4638 1230 4710 αὑτοῦ
1269 4642 1312 4731 τῷ
