3238 5282
270 239 336 302 418

270 435 335 516 ρίον
359 432 506 514 καθαρόν
531 431 642 514 λίτρας
666 431 747 494 δέκα
771 435 827 495 καί
851 431 946 494 πλέον
973 427 1078 502 οῦδὲν,
1109 430 1193 492 άλλόι
1217 431 1272 494 καὶ
1296 425 1313 491 ό
1337 447 1413 498 ναος
1440 423 1457 488 ό
1483 427 1542 510 δη-

268 555 387 626 λωθείς
411 563 465 618 τοῦ
491 550 583 632 ἁγίου
610 553 779 620 Νικολάου
803 551 926 640 δφείλει
951 553 1120 628 ἀξιοῦσθαι
1149 552 1329 636 ἐπιμελείας
1364 555 1421 614 καὶ
1456 548 1540 614 ἀνα-

268 681 402 750 κτίσεως
425 682 504 762 μετὰ
520 683 577 742 καί
600 688 659 742 των
676 679 811 742 κελλίων
835 676 892 742 καὶ
917 675 1128 752 ἀδιαλείπτως
1146 677 1399 741 έκδουλεόεοθαι
1423 673 1440 741 ό
1465 676 1542 746 ναός
1608 713 1609 774 η

267 807 354 888 παρὰ
383 801 503 886 ἱερέως,
541 802 627 889 ἔχειν
651 826 684 866 τε
714 801 747 866 έν
776 797 861 886 αὐτῷ
891 806 943 866 τόν
973 806 1057 866 κατὰ
1085 802 1216 886 καιροός
1247 797 1398 886 ἀρχιερέα
1426 803 1541 885 Δημη-

264 927 395 1011 τριάδος
430 929 486 1011 τήν
520 901 748 1010 προσήκουσαν
783 939 847 1001 τοῖς
883 925 1083 1013 ἀρχιερεῦσιν
1124 925 1286 1012 ἀναφοράν
1321 929 1418 1012 χωρίς
1457 944 1542 995 τινος

267 1053 464 1137 προφάσεως,
495 1055 550 1114 καὶ
574 1047 726 1116 οὐδέποτε
748 1051 1033 1137 μεταβληθήοεται
1056 1047 1072 1114 ό
1097 1058 1240 1122 τοιοῦτος
1263 1051 1338 1122 ναῦς
1362 1045 1379 1112 δ
1404 1047 1541 1112 ἐπισκο-

266 1177 395 1247 πειανός
424 1173 468 1247 είς
496 1177 740 1260 πατριαρχικὸν,
774 1171 848 1239 οάδέ
875 1171 981 1258 ἕτερον
1012 1171 1178 1261 εῦκτηριον
1206 1145 1436 1258 πατριαρχικόν
1467 1170 1541 1236 ἀνε-

268 1301 464 1384 γερθησεται
488 1297 519 1362 έν
544 1300 586 1381 τῴ
611 1303 746 1383 περιόρῳ
770 1308 829 1361 τῶν
853 1299 1064 1384 δηλωθέντων
1094 1273 1278 1381 μονυδρίων·
1304 1305 1452 1382 κρεῖσσον
1478 1299 1542 1381 γάρ

185 1495 188 1502 ,
266 1418 467 1507 ἡγησάμεθα
503 1419 701 1507 ἀνατεθῆναι
735 1425 774 1484 τὰ
808 1429 938 1486 τοιαῦτα
964 1421 1116 1505 μονόδρια
1145 1419 1188 1490 είς
1223 1421 1288 1507 τήν,
1323 1416 1368 1492 ἀς
1400 1417 1539 1506 εἴρηται,

265 1547 498 1632 πατριαρχικὴν
527 1553 581 1609 τοῦ
611 1544 801 1630 Προδρόμου
829 1546 927 1630 μονὴν
951 1548 1006 1608 καί
1030 1545 1194 1617 σώζεσθαι
1221 1553 1321 1608 ταῦτα
1348 1541 1369 1630 ἢ
1394 1545 1428 1618 ἐξ
1452 1541 1539 1628 ἀμε-

267 1670 355 1742 λείας
383 1673 439 1732 καί
467 1667 499 1744 ἐξ
528 1665 672 1754 ἁρπαγῆς
701 1679 761 1732 τῶν
791 1671 1028 1748 γειτνιαζόντων
1057 1666 1175 1732 ἀδίκων
1205 1666 1379 1752 ἀνθρώπων
1408 1669 1539 1740 τελείως

267 1792 484 1880 ἀφανισθῆναι
512 1801 621 1856 ταῦτα.
651 1791 679 1856 εί
706 1793 734 1854 δ’
761 1791 837 1865 ἴσως
865 1789 885 1879 ἢ
915 1789 1031 1876 ἀρτίως
1054 1789 1075 1878 ἥ
1098 1811 1174 1856 ποτε
1204 1801 1263 1856 των
1291 1801 1410 1876 καιρόν
1436 1789 1538 1876 ἀπίδη

265 1912 285 2002 ἡ
315 1917 533 2002 διαληφθείσα
562 1917 776 2000 πατριαρχικη
808 1915 887 2002 μονὴ
916 1925 970 1979 τοῦ
1002 1914 1189 2000 Προδρόμου
1217 1913 1262 1987 είς
1291 1913 1455 2000 ἀναίρεσιν
1478 1925 1537 1978 τοῦ

263 2043 419 2124 παρόντος
446 2035 601 2125 ἡμετέρου
629 2043 816 2124 γράμματος
844 2037 864 2126 ἢ
890 2038 933 2113 είς
961 2041 1181 2125 περιφρόνησιν
1211 2048 1265 2103 τοῦ
1289 2041 1374 2104 κατὰ
1400 2039 1537 2123 καιροῦς

266 2161 450 2249 ἀρχιερέως,
476 2161 596 2250 δφείλει
613 2159 807 2228 ἀπεντεῦθεν
824 2161 1043 2228 έκδιάκεσθαι
1068 2159 1130 2228 ἀπό
1154 2173 1224 2240 τῶν,
1248 2160 1292 2236 ὡς
1315 2161 1448 2248 εἴρηται,
1474 2164 1536 2248 δη-

264 2289 433 2354 λωθέντων
462 2287 633 2371 μονυδρίων
661 2289 718 2350 καί
745 2284 807 2350 ἀπό
834 2289 958 2350 πάντων
987 2295 1046 2350 των
1070 2287 1202 2352 δικαίων
1231 2281 1346 2364 αδτων,
1376 2283 1536 2358 εὐπειθῶς

264 2412 299 2475 δὲ
335 2411 539 2495 διακειμένης
574 2419 629 2496 της
656 2419 892 2496 πατριαρχικῆς
920 2418 973 2474 τοῦ
1009 2409 1198 2495 Προδρόμου
1233 2418 1331 2496 μονῆς
1365 2412 1445 2495 πρός
1480 2411 1536 2495 τήν

264 2539 335 2596 κατ’
364 2531 421 2619 ἐμέ
450 2530 629 2619 ἀγιωτοίτην
659 2531 849 2619 ἐπισκοπὴν,
879 2532 943 2598 οὔτ’
973 2531 1074 2607 αάτός.
1094 2533 1157 2614 ὲγά
1180 2532 1201 2621 ἢ
1225 2532 1256 2598 οἱ
1283 2534 1338 2598 σῦν
1362 2533 1434 2617 θεῷ
1459 2535 1536 2618 μέλ-

266 2657 376 2728 λοντες
401 2654 648 2741 ἀρχιερατεῦσαι
672 2660 739 2741 μετ’
763 2657 820 2742 έμί
844 2654 877 2720 έν
900 2669 939 2743 τη
963 2661 1043 2722 καθ’
1066 2653 1153 2743 ἡμᾶς
1177 2654 1340 2742 ἁγιωτάτῃ
1362 2654 1535 2744 ἐπισκοπῇ.
1608 2685 1609 2760 η

264 2781 465 2866 τολμήσομεν
488 2781 647 2844 διασεῖσαι
675 2778 696 2866 ἢ
723 2781 964 2867 παρενοχλησαι
992 2791 1046 2868 τη,
1071 2779 1115 2855 ὡς
1146 2779 1279 2866 εἴρηται,
1315 2791 1535 2868 πατριαρχυιη

262 2913 317 2968 τοῦ
348 2903 535 2990 Προδρόμου
563 2916 645 2991 μονη
668 2902 688 2992 ἢ
713 2902 868 2990 ἐκστῆσαι
892 2906 1007 2990 ταῦτην
1031 2903 1093 2970 ἀπό
1118 2914 1177 2968 των
1201 2905 1413 2990 δηλωθέντων
1438 2927 1533 2990 μονυ-

260 3030 365 3113 δρίων,
389 3027 406 3094 ό
430 3030 465 3092 δέ
490 3039 583 3094 τοῦτο
607 3031 772 3116 τολμήσας
795 3029 1035 3114 διαπράξασθαι
1060 3030 1173 3114 ἔνοχος
1198 3029 1290 3094 ἔσται
1312 3039 1376 3101 τοῖς
1399 3050 1532 3094 κανονι-
1608 3063 1609 3072 ¹

1608 3009 1609 3054 ι

260 3163 329 3225 κοῖς
360 3153 525 3236 ἐπιτιμίοις
560 3157 615 3217 καί
644 3165 710 3227 ταῖς
740 3153 829 3240 ἀραῖς
866 3165 926 3218 των
954 3151 1053 3233 άγίων
1087 3157 1143 3218 καί
1173 3155 1341 3241 θεοφόρων
1375 3157 1529 3239 πατέρων.

260 3273 309 3340 έπί
336 3277 437 3362 τοῦτιμ
462 3280 523 3361 γάρ
548 3281 605 3341 καί
628 3279 664 3340 τό
688 3280 789 3363 παρόν
812 3275 965 3364 ἡμέτερον
994 3281 1126 3363 γράμμα
1150 3277 1283 3356 γεγονός
1311 3279 1368 3339 καὶ
1392 3273 1532 3362 όπογρα-

260 3403 316 3487 φέν
341 3401 489 3486 συνήθως
504 3405 578 3485 παρ’
601 3397 690 3488 ἡμῶν
707 3399 848 3486 ἐπεδόθη
873 3412 911 3487 τη
936 3401 1155 3488 διαληφθείση
1173 3411 1255 3488 μόνη
1279 3399 1325 3474 εἰς
1350 3398 1529 3488 ἀσφάλειαν

260 3525 1147 3612 μηνίνοεμβρίφὶνδικτιῦνοςτρίτης.
1241 3617 1242 3621 ¹
1608 3539 1609 3554 ¹

348 3681 554 3770 Ἐκδοτηριον
579 3685 711 3768 γράμμα
733 3687 787 3746 καί
812 3691 904 3746 τοῦτο
929 3691 983 3748 τοῦ
1000 3683 1224 3770 Δημητριάδος
1248 3685 1326 3770 πρός
1351 3685 1407 3771 την
1433 3687 1527 3772 μονὴν
1608 3641 1609 3724 ἀ

258 3814 313 3871 τοῦ
341 3805 529 3893 Προδρόμου
567 3805 616 3872 ἐπὶ
645 3817 707 3880 τοῖς
744 3807 921 3892 μονυδρίοις
951 3817 1010 3871 τιῦν
1046 3804 1143 3887 ἀγίων
1173 3806 1357 3872 ἀποστόλων
1389 3813 1446 3874 καὶ
1474 3817 1525 3873 τοῦ

259 3929 351 4010 ἀγίου
375 3929 547 3995 Νικολάου.

346 4097 460 4160 Pasini,
476 4118 507 4168 p.
526 4097 596 4154 350.
