3190 5284
267 261 328 324 132

265 452 327 518 ἀπὸ
367 461 421 516 τοῦ
457 455 688 538 πανιερωτοίτου
724 452 954 538 μητροπολίτου
989 447 1146 536 Σμύρνης,
1182 455 1278 532 πυροῦ
1302 445 1449 512 Ἰωάννου
1488 447 1554 506 τοῦ

264 576 382 652 Φωνᾱ,
411 579 447 640 τό
475 579 530 640 καί
553 579 736 642 ἀνασταθέν
765 579 853 661 παρὰ
881 585 939 640 τῶν
965 577 1081 654 γονέων
1106 569 1195 659 ήμῶν
1218 574 1274 636 καὶ
1298 570 1342 642 είς
1367 567 1553 654 ἀμπέλιον,

263 697 472 787 ἠθελήσαμεν
507 701 750 784 διαπράσασθοιι
785 707 890 776 τοῦτο,
930 699 980 763 διὸ
1020 696 1174 784 ἀνέμεινα
1215 697 1441 782 μεμονωμένος
1485 693 1554 756 καί

267 823 333 910 ἔχω
361 829 417 888 οιαὶ
442 821 575 908 ἀπορίαν
599 825 748 909 παντελή,
772 822 828 888 οιαὶ
853 823 979 902 ἐγένοτο
1004 827 1060 886 οιαὶ
1080 821 1125 894 είς
1148 825 1200 886 τάν
1225 828 1365 884 τοιοῦτον
1390 817 1552 901 ἄμπελον

267 946 401 1033 ἀμέλεια
418 943 477 1024 οὔτι
501 944 605 1034 ὀλίγη,
630 949 684 1034 τήν
702 950 840 1034 σήμερον
856 951 1075 1032 πιπράσνομεν
1099 939 1177 1010 αὐτὸ
1194 993 1202 1010 .
1220 994 1227 1010 .
1244 994 1251 1009 .
1270 993 1278 1010 .
1303 942 1348 1016 τίς
1372 938 1552 1026 ὁπέρπυροι

267 1069 377 1150 ἐξοίγια
400 1033 526 1150 ἔνδεια,
552 1069 629 1136 ὡσεί
649 1073 766 1156 μοδίων
790 1067 824 1134 ἀν
849 1073 883 1134 τὰ
906 1068 1059 1156 ἀμπέλιυν
1079 1069 1135 1133 δύο
1153 1117 1160 1132 .
1178 1117 1210 1134 ..
1237 1065 1372 1158 θφείλεις
1395 1066 1433 1130 δὲ
1459 1061 1552 1148 ὑπὲρ

267 1193 442 1267 ἔπιτελείας
472 1190 567 1260 αὐτοῦ
596 1198 652 1260 καί
679 1200 830 1259 παντοίου
855 1197 1036 1280 ζητήματος
1060 1195 1095 1257 τι)
1119 1189 1191 1256 κατ’
1216 1191 1335 1264 ἔτος..
1354 1241 1387 1256 ..
1411 1193 1553 1276 κόττανα

266 1323 407 1406 τέσσαρα
431 1340 461 1382 τι.
485 1341 510 1384 τ.
535 1319 562 1382 λ.
588 1317 642 1382 ἐὰν
667 1319 701 1382 δέ
726 1342 773 1391 τις
797 1313 850 1406 ἀφ’
875 1314 962 1404 ήμῶν
985 1319 1133 1402 βουληθή
1157 1316 1331 1402 ἀνατρέψαι
1357 1317 1395 1378 τὰ
1424 1314 1554 1384 καλῶς

267 1439 597 1530 ήμῑνςάπυπραθέντα
614 1493 621 1506 .
639 1491 673 1506 ..
703 1447 802 1528 ζημίη
831 1437 1073 1527 θποκεισόμεθα
1102 1437 1261 1526 ὑπέρπυρα
1284 1413 1458 1526 τριάκοντα
1484 1441 1554 1502 οιαὶ

267 1567 303 1629 τό
328 1568 412 1630 κατὰ
441 1568 556 1651 νόμους
582 1565 627 1638 είς
651 1569 703 1634 τάν
737 1566 891 1651 δημόσιον
923 1587 953 1630 οι.
984 1587 1009 1630 τ.
1040 1567 1067 1630 λ.
1104 1567 1213 1650 μηνί
1244 1561 1475 1648 ίαννουαρ
1495 1559 1551 1646 ιἰμ

267 1688 347 1752 ὶνδ.
373 1685 685 1776 ια’τοῦμψῑηα
709 1687 798 1760 ἔτους
822 1711 852 1754 τι.
877 1712 903 1753 τ.
928 1690 956 1754 λ.
981 1693 1011 1790 ή.

355 1829 530 1915 Μάρτυρες·
554 1829 688 1917 Μιχαήλ
711 1828 728 1896 6
752 1830 891 1915 Πατζής,
917 1830 1063 1916 Ἰωάννης
1086 1827 1103 1893 6
1127 1829 1284 1915 Γαλίπης,
1308 1824 1442 1902 Ξένοςὸ
1467 1827 1551 1894 Λα-

273 1955 492 2039 οναριολέτης,
518 1951 534 2020 6
559 1953 767 2040 Τίουρουλός,
792 1954 956 2039 Θεόδωρος
980 1951 997 2018 6
1021 1953 1186 2039 Ζωναριίς,
1208 1951 1358 2038 ,Ἰωάννης
1385 1949 1402 2016 6
1426 1952 1553 2036 Πρου-

272 2079 376 2164 υυιίχ.
396 2127 404 2142 .
427 2083 456 2157 †.

359 2209 536 2278 Subscriptio
558 2207 674 2264 Μοοίαί
698 2210 752 2269 τοῦ
776 2201 1030 2286 Φιλοκυνηγίτοϋ
1053 2209 1148 2264 solita.

538 2465 643 2532 LXIV.
662 2465 890 2544 6767-1259,
907 2487 1014 2534 mense
1030 2465 1133 2552 aprili,
1149 2465 1214 2532 ind.
1230 2465 1269 2532 11.

575 2612 658 2667 Iram
674 2613 822 2669 scholares
837 2617 1008 2669 monasterio
1024 2616 1116 2670 οίίυοο
1131 2616 1236 2672 vendit.

360 2761 470 2842 †T6
505 2767 763 2850 πρατήρίον
803 2765 1040 2854 ἔγγραφον
1079 2775 1156 2853 τῆς
1195 2769 1421 2846 γυναικὸς
1463 2775 1554 2831 τοῦ

271 2887 484 2975 Σχολοίρη
509 2885 797 2952 έιιείνουοιαί
823 2889 1102 2954 τῶνπαίδων
1128 2886 1434 2977 αὐτῶνχοίριν
1460 2901 1554 2954 τῶν

271 3011 338 3085 εὶς
382 3015 457 3076 τάν
501 3009 854 3098 Παρατιοίλαμον
897 3009 1040 3078 ὄντων
1089 3015 1292 3080 ἔλαίνιάν
1335 3015 1554 3098 δένδρων

271 3132 415 3200 αὐτῶν
450 3141 478 3215 ή
516 3143 559 3164 ³'

337 3275 490 3360 Signa:
522 3275 659 3364 Εἰρήνης
687 3286 742 3364 τῆς
771 3280 904 3364 συμβίου
929 3278 1051 3344 ἐκείνου
1075 3290 1129 3345 τοῦ
1158 3277 1311 3368 Σχολιίρη
1339 3283 1394 3344 ναί
1429 3277 1551 3344 Ἰωοίν-

271 3398 520 3468 νουΝιιιολάου
550 3411 609 3466 τῶν
638 3398 710 3465 υἱῶν
740 3397 850 3480 αὐτοῦ,
879 3401 977 3468 Ξένυυ
1006 3413 1060 3468 τοῦ
1085 3405 1330 3490 μελλογοίμβρου
1354 3399 1456 3468 αὐτῶν
1485 3408 1553 3468 καί

271 3521 391 3608 Ἄννης
416 3531 471 3604 τῆς
496 3526 628 3608 συμβίου
653 3520 749 3588 αὐτοῦ
772 3530 828 3590 καὶ
851 3529 1011 3613 θυγατρὸς
1035 3524 1146 3593 αὐτῶν.

360 3665 380 3741 γ
408 3661 460 3731 Ἐν
489 3661 620 3749 ἀνόμοιαι
648 3687 677 3730 τι.
708 3689 733 3732 τ.
758 3668 786 3732 λ.
816 3665 933 3754 Εἰρήνη
956 3665 976 3754 ή
1001 3669 1133 3754 σίμβιυς
1157 3666 1279 3736 ἐκείνου
1304 3678 1358 3734 τοῦ
1386 3667 1549 3756 Σχολοὶρη

274 3789 331 3848 νιαί
359 3784 388 3849 οἱ
422 3787 533 3858 παῖδες
563 3787 686 3852 ἐκείνου
703 3839 709 3852 .
729 3839 761 3853 ..
792 3792 846 3875 τήν
874 3800 1037 3876 παροῦσαν
1064 3791 1222 3879 ἔγγραφον
1246 3797 1301 3860 ναί
1324 3791 1549 3879 ὲνυπάγραφον

393 3920 505 3994 πρᾶσιν
541 3921 601 3974 τῶν
636 3913 784 3976 κάτωθεν
813 3913 1091 4004 δηλωθησυμένων
1127 3915 1547 4002 ἔλαίνιῶν·δένδρων....

274 4041 453 4117 ποιοῦμεν.
477 4085 483 4097 .
507 4083 514 4097 .
538 4085 544 4097 .
579 4038 656 4120 πρὸς
686 4038 739 4121 τήν
765 4039 941 4124 σεβασμίαν
970 4043 1026 4102 ναί
1051 4037 1143 4119 ἁγίαν
1172 4040 1337 4126 βασιλικήν
1362 4042 1459 4128 μονήν
1485 4049 1549 4126 τῆς

277 4152 454 4241 ὑπεράγνου
488 4154 576 4246 ήμῶν
613 4161 772 4224 θεοτόνιου
807 4166 862 4225 ναί
898 4159 943 4226 ἔπ’
974 4160 1103 4248 ὀνόματι
1133 4175 1188 4251 τής
1214 4161 1457 4250 Λεμβιωτίσοης
1485 4171 1550 4230 καί

275 4282 352 4364 πρὸς
375 4284 427 4344 τὸν
453 4279 485 4342 ἔν
510 4277 590 4368 αὐτή
611 4278 875 4369 ήγουμενευυντα,
899 4290 1134 4351 πανοοωίτατον
1159 4283 1315 4374 αὐθέντην
1339 4291 1395 4352 τισί
1417 4291 1551 4374 πατέρα

275 4398 377 4488 ήμῶν,
407 4401 616 4494 ἱερομόναχον
644 4415 702 4492 ουρ
730 4405 886 4492 Κίριλλον
915 4429 945 4474 οι.
976 4432 1001 4474 τ.
1031 4411 1059 4474 λ.
1090 4414 1144 4474 καί
1172 4414 1232 4496 γὰρ
1261 4409 1329 4476 ἐπεὶ
1353 4412 1500 4498 ἔφθασεν
1529 4411 1550 4478 6

276 4522 355 4612 ἀνήρ
385 4547 444 4612 μου
473 4525 592 4602 ἐκεῖνος
620 4535 675 4594 καί
704 4533 823 4596 δέδωκε
851 4537 928 4620 πρὸς
956 4535 1010 4622 τήν
1040 4529 1192 4620 ῥηθεῖσαν
1222 4537 1337 4622 ταύτην
1362 4537 1551 4621 οεβασμίαν

275 4651 331 4710 καὶ
355 4644 447 4726 ἁγίαν
473 4653 639 4738 βασιλικήν
665 4657 760 4741 μονήν
779 4657 893 4742 δένδρα
916 4661 954 4722 τὰ
981 4659 1013 4722 έν
1038 4658 1080 4744 τῷ
1095 4658 1327 4746 Παρακαλάμιρ
1352 4655 1438 4737 ὄντα,
1464 4655 1550 4744 ὅπερ
