3168 5274
1256 301 1314 363 291
1367 305 1380 318 ''

65 497 116 550 τῶν
139 485 407 574 ἀνακαλουμένων
432 511 466 552 το
490 489 713 573 Ἀλεξάνδρων
741 489 921 576 Σαμήηνιδν
945 485 1042 563 εύθύς
1064 491 1321 578 προπηδήσαντες

60 615 111 674 καί
135 613 186 674 τόν
212 608 368 698 ἡμέτερον
392 613 487 692 λόγον
512 610 628 676 ὡσανεί
661 617 922 698 προαρπάσαντός
951 611 1001 677 ἐπί
1024 620 1079 677 τού
1103 617 1202 699 μέσου
1223 621 1319 700 προό-

60 739 149 799 θεντο
179 739 311 822 χαρτῲα
339 738 543 821 δικαιώματα
578 746 692 816 ταῦτα,
720 736 819 823 ἤγουν
853 741 1044 824 πρόσταγμα
1078 746 1133 802 τού
1164 735 1320 802 αύθίντου

59 857 140 945 ήμῶν
169 869 225 923 τού
255 862 412 943 βασιλέως
440 869 494 924 τού
525 858 632 941 ἁγίου,
661 861 701 925 δι’
731 857 766 924 ού
792 860 941 948 ἐδωρήθη
965 863 1000 926 τό
1029 857 1105 926 αύτό
1132 865 1319 945 προάστειον

60 995 92 1067 τῆ
121 985 253 1068 τοιαύτη
285 993 366 1070 μονῆ
395 987 474 1068 μετὰ
509 993 564 1048 τού
598 980 654 1048 ὑπἸ
683 981 780 1048 αύτού
815 986 1015 1070 καλαμῶνος,
1051 983 1241 1058 ἀκολούθως
1276 985 1320 1068 τηῐ

58 1109 274 1192 προστάγματι
298 1109 474 1192 παράδοσις
498 1116 551 1171 τού
576 1109 800 1191 πανσεβάστου
824 1106 957 1185 ἐκείνου,
982 1115 1079 1193 κυρού
1095 1079 1239 1174 Ἰωάννου
1263 1117 1318 1172 τού

59 1229 170 1315 Τξοκῆ,
197 1231 314 1303 δουκός
339 1227 428 1304 ὄντος
451 1229 493 1315 τηῑ
529 1235 599 1295 τότε
623 1240 678 1295 τού
702 1235 846 1316 θέματος
869 1229 1046 1318 Μυλάσσης
1073 1235 1128 1296 καί
1151 1231 1317 1298 Μελανου-

59 1355 129 1430 δίου,
156 1360 336 1440 γενομένων
359 1359 435 1442 πρός
457 1360 491 1420 τό
514 1361 608 1442 μέρος
632 1366 687 1442 τῆς
708 1357 856 1442 τοιαύτης
873 1365 980 1445 μονῆς.
1003 1354 1111 1442 ἕτερον
1130 1359 1317 1442 πρόσταγμα

58 1475 85 1550 ἐξ
111 1475 322 1564 ὑπομνήσεως
358 1489 417 1543 τῶν
452 1489 600 1564 μοναχῶν
636 1479 804 1566 ἐξενεχθέν
838 1481 915 1565 πρός
949 1481 1003 1545 τόν
1038 1481 1319 1567 στβαστοκράτορα
1381 1475 1386 1482 ’

11 1623 12 1632 ’
58 1601 182 1678 ἐκεῖνον,
208 1603 261 1666 τόν
285 1601 545 1691 Κοντοστέφανον
568 1611 656 1688 κύριν
679 1602 873 1690 Νικηφόρον,
896 1608 953 1668 καί
976 1605 1087 1688 πρᾶξιν
1111 1602 1207 1669 αὑτοῦ
1236 1605 1316 1670 ἀπο-

57 1727 293 1812 καταστατικήν
323 1725 482 1814 ἔγγραφον
515 1729 571 1790 καί
600 1731 770 1812 μαρτυρίαν
798 1727 851 1790 διά
883 1739 1112 1816 σιγνογραφιῶν
1146 1727 1316 1814 ἐγχωρίων,

58 1847 342 1932 ὲπιβεβαιωθεῖοαν
366 1855 421 1914 καί
446 1845 485 1913 δι’
511 1846 695 1938 ὑπογραφῆς
719 1848 944 1937 ἀρχιερατικῆς
968 1847 1064 1915 αύτού
1091 1873 1124 1915 τε
1153 1859 1207 1916 τοῦ
1230 1852 1315 1937 Λίμ·

10 1925 12 2006 ὑ
56 1997 105 2060 νης
134 1977 193 2039 καί
228 1981 283 2037 τού
311 1975 426 2057 δικαίην
455 1982 510 2038 τού
537 1973 691 2061 Μιλήτου,
724 1972 915 2047 ἀκολούθως
944 1975 979 2038 δέ
1006 1979 1063 2040 καί
1090 1973 1316 2061 ἐπικυρωτικήν
1407 2013 1410 2020 .

10 2185 11 2190 ἵ
59 2095 152 2162 αύτιῖιν
183 2098 353 2184 βασιλικήν
381 2099 558 2182 πρόσταξιν.
587 2095 693 2182 ἕτερον
723 2095 853 2184 όρισμόν
881 2099 958 2183 πρός
987 2097 1043 2183 ἐμὲ
1071 2101 1124 2162 τόν
1155 2097 1314 2184 Κρατερόν

57 2221 266 2298 ἀπολυθέντα,
292 2225 382 2310 μήπω
406 2223 442 2285 δέ
466 2225 521 2286 καί
545 2219 757 2308 ένεργηθέντα
784 2223 836 2286 διά
861 2223 895 2286 τό
925 2223 967 2308 μή
993 2225 1147 2302 γενέσθαι
1172 2245 1224 2309 μοι
1247 2227 1317 2308 περί

9 2357 10 2442 ί
54 2351 156 2410 τούτου
187 2345 377 2432 ἐκεχειρίαν.
409 2344 518 2430 ἑτέραν
546 2349 714 2431 πρόσταξιν
745 2347 936 2432 φέρουσανγ*
944 2351 1016 2432 μηνί
1044 2353 1239 2434 φευρουαρίιρ
1258 2346 1315 2411 ίνδ.

9 2503 11 2550 γ
52 2471 72 2532 δ’
100 2469 131 2546 ἐξ
161 2467 369 2554 ὑπομνήσεως
397 2479 451 2534 τού
481 2469 595 2555 μέρους
622 2479 678 2556 τῆς
706 2473 854 2556 τοιαύτης
879 2479 976 2556 μονῆς
1006 2469 1230 2556 λέενεχθεῖσαν
1255 2490 1317 2532 κα.

8 2643 10 2652 ,
51 2596 263 2680 διοριζομένην
289 2593 331 2680 τῷ
353 2597 561 2678 πανσεβάστιρ
586 2594 732 2680 σεβαστῷ
754 2593 838 2680 κυρῷ
858 2593 1021 2679 Ἰαννακίηι
1042 2593 1085 2679 τῷ
1106 2593 1216 2679 Γαβρσξ
1239 2591 1308 2658 ἐπι*

53 2729 153 2802 στῆναι
179 2721 265 2782 κατὰ
289 2721 383 2782 τόπον
406 2723 462 2781 καί
486 2719 652 2804 ἐρευνῆσαι
676 2721 714 2782 τά
737 2721 806 2802 περὶ
834 2719 944 2782 τούτου
969 2721 1028 2782 καί
1055 2719 1163 2802 πρᾶξιν
1193 2717 1312 2803 ἔγγρα-

54 2863 101 2928 φον
129 2841 359 2928 ἐκτεθειμένην
393 2839 463 2927 παρ’
493 2837 589 2905 αὑτοῦ
625 2836 665 2904 δι’
702 2839 886 2914 ἐπιστασίας
915 2843 1024 2905 τούτου
1055 2839 1117 2905 ἀπό
1151 2843 1312 2926 μαρτύρων
1379 2865 1384 2874 ·

54 2977 104 3027 τόν
127 2967 374 3050 πλησιοχώρων,
406 2965 679 3043 διαγινώσκουσαν
709 2969 764 3028 καί
792 2961 903 3050 αύτήν,
929 2961 977 3028 ότι
1006 2963 1065 3039 ἔξω
1094 2973 1152 3027 τῶν
1181 2963 1311 3027 δικαίων

8 3099 10 3108 ’
55 3099 99 3174 τῆς
121 3089 341 3174 Ἐπισκέψεως
370 3099 424 3152 τού
454 3087 592 3174 Σαμψὼν
617 3091 650 3152 τό
674 3086 910 3172 Ἀλεξάνδρειον
939 3083 1080 3172 εύρηται,
1106 3083 1149 3158 ὑις
1172 3099 1236 3160 τοῖς
1260 3087 1309 3150 δι-

53 3217 148 3286 καίοις
180 3224 235 3278 τοῦ
264 3215 407 3296 θύματος
434 3211 610 3298 Μυλάσσης
635 3216 899 3296 συνεισαγόμενόν
934 3233 967 3275 τε
1003 3215 1058 3274 καί
1094 3206 1309 3296 ὑποκείμενον,
1404 3197 1410 3212 ’

51 3336 98 3398 καί
120 3334 171 3400 ότι
195 3341 291 3422 μέχρι
314 3341 370 3401 καί
394 3345 445 3400 νόν
471 3333 689 3400 ἀνυπόστατον
715 3335 747 3411 ἐξ
771 3333 867 3400 αύτοό
889 3339 1049 3420 τυγχάνει,
1075 3333 1250 3400 κάντεῦθεν
1274 3339 1309 3399 τό

53 3466 136 3546 μέρος
170 3471 226 3547 τῆς
262 3470 360 3546 μονῆς
388 3461 539 3533 πλειόνως
568 3461 831 3546 έπιστηρίζουσαν
860 3459 905 3534 είς
934 3455 1009 3524 αὑτό
1033 3463 1089 3524 καί
1117 3458 1223 3544 λδικήν
1258 3481 1309 3523 σι-

51 3589 237 3672 γνογραφίαν
263 3581 472 3670 έμμάρτυρον,
499 3589 537 3648 τὰ
562 3581 643 3647 αὑτὰ
666 3585 914 3666 διαβεβαιοόσαν
931 3583 971 3646 δι’
997 3581 1172 3670 ἐπιγραφῆς
1196 3581 1307 3667 ἀρχιε-

53 3719 175 3794 ρατικῆς
207 3716 262 3771 τοῦ
284 3705 437 3794 Μιλήτου.
470 3711 524 3771 καί
548 3705 578 3771 οἱ
603 3711 658 3792 μέν
684 3705 745 3771 ἀπό
771 3717 824 3772 τού
850 3711 963 3791 μέρους
987 3717 1041 3794 τῆς
1066 3701 1223 3793 ῥηθείσης
1248 3728 1307 3792 μο-

52 3841 98 3915 νῆς
125 3842 182 3897 τού
210 3829 321 3910 Ἃγίοο
348 3829 476 3896 Παύλου
505 3839 635 3895 τοιαῦτα
663 3831 866 3916 δικαιώματα
899 3829 1095 3918 ἐνεφάνισαν·
1122 3833 1307 3916 παρήγαγον

53 3955 80 4016 δὲ
100 3955 213 4029 ίδικῶς
237 3959 292 4019 καί
316 3959 473 4040 μάρτυρας
499 3953 667 4041 εἷδήμόνας
689 3951 944 4038 Κλεισυυριάτας
971 3959 1027 4018 καὶ
1051 3934 1187 4037 ἑτέρους,
1212 3951 1307 4036 ἀντή-

52 4099 137 4142 κυυον
164 4079 199 4143 δὲ
227 4077 289 4142 ἀπό
314 4089 372 4142 τῶν
398 4075 646 4166 ἀντιφερομένων
671 4074 776 4151 αύτοῖς
804 4075 991 4164 Σαμψηνιῖιν,
1016 4073 1063 4142 ότι
1086 4075 1147 4140 κάν
1175 4081 1230 4138 καί
1259 4073 1306 4138 ἐπ’

53 4197 146 4277 αὑτοῖς
170 4215 236 4274 τοῖς
261 4201 430 4289 ἐγγράφοις
451 4203 663 4288 δικαιώμασιν
691 4199 734 4276 ὑις
759 4201 808 4266 ἐπί
832 4223 920 4265 τινων
945 4199 1049 4265 ἀπολα
1066 4251 1073 4265 .
1092 4251 1099 4265 .
1117 4220 1192 4264 ωσιν
1226 4199 1305 4282 δρά-

48 4327 164 4405 ξεοθαι,
190 4329 276 4391 ἀλλά
305 4347 339 4404 γε
368 4327 422 4391 διὰ
450 4330 484 4390 τό
516 4323 594 4390 εἶναι
622 4333 721 4390 ταῦτα
751 4321 935 4408 ὑπόσαθρα,
967 4321 1008 4396 ὡς
1032 4325 1305 4408 δοκούσι,,τεῖχος

69 4446 669 4536 .........οιοςπρο....ονεὺ
693 4498 881 4515 ........
913 4446 1151 4520 έπίτούτοιςπ
1167 4493 1302 4510 ......

53 4573 205 4660 διάκριτον
235 4573 396 4659 ἐτέθησαν
426 4571 627 4658 ἑκατέρωθεν
656 4577 712 4637 καὶ
739 4571 755 4637 ό
779 4563 879 4656 θρούς
903 4570 947 4643 τίς
976 4573 1058 4654 μέγα
1075 4618 1186 4634 .....
1211 4570 1245 4632 τό
1269 4567 1304 4631 δέ

54 4699 122 4762 καθ’
140 4695 230 4784 ἡμᾶς
247 4699 451 4782 δικαστήριον
469 4701 523 4770 τὰς
541 4693 767 4783 ἀμφοτέρωθεν
785 4747 791 4759 .
810 4747 816 4760 .
836 4747 842 4759 .
869 4692 934 4780 μετ’
952 4693 1136 4765 ἐπιστασίας
1154 4691 1304 4776 ἀκριβοῦς

1022 4801 1055 4854 19
1074 4798 1091 4836 *
