3228 5296
301 257 342 321 26

233 451 239 460 '
300 459 475 516 κοστού
512 449 657 532 ἔτους,
695 450 738 516 ἒν
773 453 971 538 ῴκαίτύ
1005 447 1234 540 ἡμέτερον
1263 445 1462 532 εύσεβὲς
1492 453 1573 513 καί

300 575 661 661 θεοπρύβλητον
698 571 1034 664 ύπεσημήνατο
1069 578 1243 662 κράτος
1277 577 1307 652 †.

390 731 534 819 ῒΕίχε
570 735 626 798 τύ·
662 731 874 823 Ἰωάννης
914 737 958 800 ὲν
993 735 1174 822 Χριστῷ
1209 731 1263 818 τῷ
1297 729 1572 817 Θεῷπιστύς

303 853 531 940 βασιλεύς
565 861 642 921 καί
672 856 975 946 αὐτοκράτωρ
1003 855 1232 944 Ῥωμαίων
1265 853 1491 927 ὁΔούκας
1522 851 1572 917 δι’

303 977 510 1066 ἔρυθριύν
556 985 837 1066 γραμμάτων
880 991 959 1070 τῆς
1007 981 1264 1068 βασιλικῆς
1311 983 1389 1043 καί
1435 977 1573 1050 θείας

302 1107 464 1189 χειρός
499 1109 529 1185 †.

571 1423 607 1490 V.
625 1421 853 1492 6771-1262.
872 1421 1162 1506 mense‘denembri,
1180 1421 1246 1490 ind.
1266 1421 1313 1488 VI.

301 1583 400 1640 Αιινια
417 1587 495 1642 bulla
512 1591 578 1658 imp.
596 1587 747 1642 Μῖολαίίὶε
763 1589 942 1660 Ροίαεοίορί,
959 1607 1018 1660 qua
1033 1590 1238 1662 confirmantur
1252 1585 1405 1658 ρνίιάίερία
1421 1595 1446 1641 τί
1458 1603 1572 1658 posses-

795 1735 887 1786 είοιιεε
902 1733 1076 1788 monasterii.

392 1935 476 2021 Πρύς
506 1935 579 2008 τούς
606 1939 729 2021 χαίρειν
757 1941 815 2021 μὲν
844 1936 987 2009 εἰπόντας
1016 1947 1081 2008 τοῖς
1109 1939 1289 2023 χαμερπίσι
1315 1943 1393 2000 πᾶσι
1421 1935 1477 1997 καί
1502 1953 1575 2018 γεη-

304 2071 377 2145 ροῐς,
400 2056 591 2146 ύψελοτὲραν
608 2058 637 2121 δ’
661 2057 901 2144 ἀσπαζομένους
924 2060 1085 2124 πολιτείαν
1109 2063 1164 2123 καί
1181 2058 1362 2148 ἐφιεμένους
1379 2055 1574 2136 ἀξιαγάστου

302 2185 466 2268 διαγωγῆς
493 2187 549 2246 καί
574 2181 748 2268 ἀγγελικης
772 2185 828 2247 καὶ
856 2184 911 2268 την
936 2187 993 2270 μὲν
1020 2183 1240 2270 προαιρετικὴν
1270 2183 1352 2268 ίωην
1375 2179 1418 2254 ὡς
1442 2179 1524 2261 ἄγος
1548 2203 1576 2244 τι

305 2307 556 2392 βδελυίαμὲνους
580 2310 635 2370 καί
663 2304 922 2394 ἀποστραφέντας
946 2310 1002 2394 τήν
1026 2329 1059 2371 τι
1076 2309 1234 2393 κοσμικὴν
1259 2308 1373 2393 τύρβην
1397 2299 1440 2378 ύις
1464 2304 1575 2391 ἄχθος

304 2427 436 2493 ἒτιύοιον
460 2427 734 2516 ἀπωμισαμὲνους,
761 2428 906 2515 ἐμμελῶς
927 2431 962 2495 δὲ
987 2432 1239 2519 φιλοσοφοῦντας
1259 2435 1315 2494 καί
1339 2429 1575 2516 μεγαλοψύχως

304 2557 374 2639 περί
395 2556 447 2618 τύν
473 2552 597 2639 αἱρετὸν
626 2557 782 2632 θάνατον,
807 2557 939 2642 κούφοις
968 2577 1000 2618 τε
1029 2557 1150 2628 πτίλοις
1180 2554 1420 2640 αίθεροδρομείν
1449 2551 1577 2632 ἐπειγο-

307 2675 420 2763 μένους
450 2681 618 2762 μετάρσιον
647 2683 702 2742 καὶ
731 2675 824 2751 ὅλους
854 2678 1091 2768 ἀφιερωθὲντας
1119 2679 1161 2765 τῴ
1189 2677 1258 2763 Θεῷ
1284 2681 1341 2742 καί
1366 2676 1577 2761 ἀνατεθειμέ-

306 2821 377 2874 νους
402 2797 486 2888 αύτῷ
507 2805 631 2872 πάντως
655 2801 692 2866 άν
717 2801 766 2889 εἴη
791 2801 877 2877 ἄξιον
901 2807 970 2888 περί
993 2803 1113 2867 πολλού
1137 2803 1191 2888 την
1218 2803 1382 2885 βασιλείαν
1406 2821 1466 2886 μου
1489 2803 1577 2864 τίθε·

306 2927 388 2990 σθαι
415 2929 471 2989 καί
504 2927 715 3010 προνοεῖσθαι
743 2927 869 3003 τούτων,
900 2925 942 2999 ὡς
971 2930 1026 2990 καί
1054 2935 1108 3012 της
1137 2927 1302 3010 βασιλείας
1332 2946 1392 3009 μου
1420 2927 1455 2988 τύ
1487 2927 1577 2988 θεῖον

306 3047 348 3114 δι’
375 3043 476 3114 αύτῶν
510 3050 587 3135 πρὸς
623 3048 712 3113 ἔλεον
748 3051 864 3136 ταύτης
901 3051 1155 3136 ίπικεκλημίνης
1178 3053 1245 3114 ,καί
1279 3047 1406 3135 ἀρωγὴν
1441 3051 1499 3111 καὶ
1534 3069 1576 3132 τῳ

305 3177 383 3258 πρὸς
411 3168 511 3247 αύτὰς
539 3172 635 3258 οίκτφ
664 3175 717 3237 τύν
749 3171 785 3236 ἐκ
817 3174 898 3238 Θεού
930 3171 1035 3240 οἶκτον
1067 3171 1315 3259 άντιμετρούσης
1346 3167 1436 3258 αύτη.
1473 3177 1577 3235 τοίνυν

307 3295 364 3361 καὶ
392 3295 438 3369 οίς
468 3301 523 3382 μὲν
558 3303 808 3385 φροντιστηρίοις
842 3307 1005 3382 μονασιῶν
1040 3301 1096 3361 καί
1129 3303 1344 3376 καταγωγίοις
1378 3300 1435 3359 καί
1468 3299 1578 3367 τύποις

309 3417 520 3507 ἀφοσιωθείσι
554 3421 623 3506 Θεῷ
660 3420 845 3507 ἀπρονόητα
880 3425 919 3485 τὰ
957 3425 1026 3506 περί
1061 3429 1160 3486 ταύτα
1195 3423 1318 3506 διέμενε
1353 3425 1409 3484 καί
1440 3415 1579 3505 ύχληοιν

309 3544 518 3629 προξενούντα
546 3555 610 3618 τοῖς
640 3544 671 3608 ἐν
700 3547 821 3618 τούτοις
848 3545 1054 3630 περιπολούσι
1081 3549 1137 3608 καί
1165 3543 1389 3624 ἁγελάζουσιν,
1426 3541 1468 3616 ὡς
1506 3541 1580 3628 ὅρον

309 3665 642 3754 ἀμετακίνητονπρύς
665 3672 705 3732 τὰ
740 3667 865 3754 ἑκάστω
891 3671 1006 3734 τούτων
1032 3667 1293 3755 άπανενεμημίνα
1321 3669 1433 3732 δίκαια
1460 3672 1580 3753 χρυσό-

311 3791 432 3875 βουλλα
459 3793 576 3878 ταύτης
604 3789 624 3880 ἡ
654 3794 801 3875 βασιλεία
826 3815 886 3878 μου
910 3795 1031 3864 τούτοις
1060 3789 1233 3878 ἐβράβευσὲ
1258 3813 1290 3858 τε
1320 3796 1376 3857 καί
1404 3793 1501 3856 ἔθετο
1527 3795 1583 3856 καί

311 3917 346 3978 τύ
369 3912 581 4001 ἀνενύχλητον
606 3914 647 3979 δι’
671 3911 772 3980 αύιιῖιν
795 3919 1054 4003 περιεποιήσατο,
1085 3915 1131 3989 οίς
1155 3918 1190 3980 δὲ
1214 3921 1302 4003 παρὰ
1325 3927 1386 3982 τῶν
1411 3917 1498 4000 [πρὸ]
1525 3925 1582 4002 τῆς

300 4040 478 4122 «βασιλείας
507 4059 568 4124 μου
597 4041 868 4123 βεβασιλευκύτων
897 4041 950 4103 διὰ
980 4042 1222 4126 χρυσοβούλλων
1246 4039 1303 4105 καί
1325 4043 1581 4126 προσταγμάτων

302 4165 345 4227 τὸ
370 4160 603 4249 ἀπερίσπαστον
619 4167 675 4228 καί
700 4163 863 4250 ἀτάραχον
880 4167 1100 4252 περιεποιηθη,
1125 4163 1216 4253 καὶὴ
1243 4167 1390 4249 βασιλεία
1415 4185 1475 4250 μου
1498 4187 1582 4250 προ-

309 4291 540 4375 νοητικύτερον
561 4287 748 4353 διατεθεῖσα
771 4292 840 4372 περί
866 4284 955 4368 αύτά,
982 4287 1171 4376 ἐπεκράτυνε
1194 4301 1295 4354 ταῦτα
1319 4294 1375 4354 καί
1399 4287 1583 4375 ίπεστηριξε

309 4415 367 4474 καί
389 4413 426 4475 τύ
448 4414 563 4491 πάγιον
589 4411 675 4499 ἔχειν
698 4413 977 4499 προεμηθεύοατο.
1007 4413 1072 4478 ἐπεί
1095 4415 1130 4477 δὲ
1156 4418 1317 4500 μετὰτῶν
1347 4413 1450 4479 ἄλλων
1478 4419 1538 4477 καί
1568 4411 1585 4478 ύ

311 4539 500 4620 τιμιώτατος
531 4537 779 4623 καθηγούμενος
808 4546 862 4624 της
891 4540 1067 4623 σεβασμίας
1097 4547 1194 4623 μονῆς
1230 4548 1285 4625 τῆς
1322 4539 1485 4621 βασιλείας
1523 4563 1586 4622 μου

312 4667 368 4743 τῆς
394 4657 444 4726 ἐπ’
471 4657 602 4746 ύνύματι
627 4667 803 4747 τιμωμένης
828 4672 884 4749 της
906 4659 1079 4748 ύπεράγνου
1105 4683 1163 4749 μου
1193 4667 1394 4750 θεομήτορος
1418 4667 1473 4726 καί
1498 4660 1584 4728 ούτω
