<?xml version="1.0" encoding="UTF-8"?>
<!DOCTYPE html PUBLIC "-//W3C//DTD XHTML 1.0 Transitional//EN"
    "http://www.w3.org/TR/xhtml1/DTD/xhtml1-transitional.dtd">
<html xmlns="http://www.w3.org/1999/xhtml" xml:lang="en" lang="en">
 <head>
  <title>
</title>
<meta http-equiv="Content-Type" content="text/html;charset=utf-8" />
  <meta name='ocr-system' content='tesseract 3.04.00' />
  <meta name='ocr-capabilities' content='ocr_page ocr_carea ocr_par ocr_line ocrx_word'/>
</head>
<body>
  <div class='ocr_page' id='page_1' title='image "./actaetdiplomata04miklgoog_0339.png"; bbox 0 0 3140 5306; ppageno 0'>
   <div class='ocr_carea' id='block_1_1' title="bbox 256 279 331 348">
    <p class='ocr_par' dir='ltr' id='par_1_1' title="bbox 256 279 331 348">
     <span class='ocr_line' id='line_1_1' title="bbox 256 279 331 348; baseline 0.053 -5"><span class='ocrx_word' id='word_1_1' title='bbox 256 279 331 348; x_wconf 74' lang='lat'>258.</span> 
     </span>
    </p>
   </div>
   <div class='ocr_carea' id='block_1_2' title="bbox 214 468 1557 2541">
    <p class='ocr_par' dir='ltr' id='par_1_2' title="bbox 214 468 1557 2291">
     <span class='ocr_line' id='line_1_2' title="bbox 257 468 1512 560; baseline -0.002 -25"><span class='ocrx_word' id='word_1_2' title='bbox 257 492 317 560; x_wconf 81' lang='grc' dir='ltr'><strong>τως</strong></span> <span class='ocrx_word' id='word_1_3' title='bbox 344 472 398 538; x_wconf 82' lang='grc' dir='ltr'><strong>τόν</strong></span> <span class='ocrx_word' id='word_1_4' title='bbox 427 469 594 559; x_wconf 74' lang='grc' dir='ltr'>οἰκονόμον</span> <span class='ocrx_word' id='word_1_5' title='bbox 617 479 674 558; x_wconf 81' lang='grc' dir='ltr'><strong>της</strong></span> <span class='ocrx_word' id='word_1_6' title='bbox 697 473 845 558; x_wconf 78' lang='grc' dir='ltr'>τοιαύτης</span> <span class='ocrx_word' id='word_1_7' title='bbox 868 481 980 558; x_wconf 80' lang='grc' dir='ltr'><strong>μονῆς,</strong></span> <span class='ocrx_word' id='word_1_8' title='bbox 1009 468 1091 536; x_wconf 76' lang='grc' dir='ltr'><strong>ὥστε</strong></span> <span class='ocrx_word' id='word_1_9' title='bbox 1119 470 1353 557; x_wconf 76' lang='grc' dir='ltr'><strong>ἐτραυμάτισαν</strong></span> <span class='ocrx_word' id='word_1_10' title='bbox 1379 473 1436 534; x_wconf 86' lang='grc' dir='ltr'><strong>καὶ</strong></span> <span class='ocrx_word' id='word_1_11' title='bbox 1460 470 1512 556; x_wconf 78' lang='grc' dir='ltr'><strong>τὴν</strong></span> 
     </span>
     <span class='ocr_line' id='line_1_3' title="bbox 257 589 1514 682; baseline -0.002 -22"><span class='ocrx_word' id='word_1_12' title='bbox 257 603 352 680; x_wconf 77' lang='grc' dir='ltr'><strong>χεῖρα</strong></span> <span class='ocrx_word' id='word_1_13' title='bbox 375 589 482 678; x_wconf 78' lang='grc' dir='ltr'><strong>αὐτού,</strong></span> <span class='ocrx_word' id='word_1_14' title='bbox 502 599 559 661; x_wconf 85' lang='grc' dir='ltr'><strong>καί</strong></span> <span class='ocrx_word' id='word_1_15' title='bbox 582 589 831 682; x_wconf 72' lang='grc' dir='ltr'><strong>εόρίσκεταιείς</strong></span> <span class='ocrx_word' id='word_1_16' title='bbox 859 604 920 659; x_wconf 86' lang='grc' dir='ltr'><strong>των</strong></span> <span class='ocrx_word' id='word_1_17' title='bbox 943 593 1108 659; x_wconf 75' lang='grc' dir='ltr'><strong>δακτύλων</strong></span> <span class='ocrx_word' id='word_1_18' title='bbox 1131 590 1229 660; x_wconf 88' lang='grc' dir='ltr'><strong>αότού</strong></span> <span class='ocrx_word' id='word_1_19' title='bbox 1254 591 1368 680; x_wconf 78' lang='grc' dir='ltr'><strong>ἀργόν.</strong></span> <span class='ocrx_word' id='word_1_20' title='bbox 1397 591 1459 680; x_wconf 81' lang='grc' dir='ltr'><strong>ἤδη</strong></span> <span class='ocrx_word' id='word_1_21' title='bbox 1481 595 1514 658; x_wconf 78' lang='grc' dir='ltr'><strong>δὲ</strong></span> 
     </span>
     <span class='ocr_line' id='line_1_4' title="bbox 256 714 1514 806; baseline -0.002 -22"><span class='ocrx_word' id='word_1_22' title='bbox 256 719 351 784; x_wconf 88' lang='grc' dir='ltr'><strong>πάλιν</strong></span> <span class='ocrx_word' id='word_1_23' title='bbox 373 722 433 805; x_wconf 87' lang='grc' dir='ltr'><strong>πρό</strong></span> <span class='ocrx_word' id='word_1_24' title='bbox 456 717 565 798; x_wconf 87' lang='grc' dir='ltr'><strong>δλίγοο</strong></span> <span class='ocrx_word' id='word_1_25' title='bbox 590 719 717 806; x_wconf 76' lang='grc' dir='ltr'><strong>είσῆξαν</strong></span> <span class='ocrx_word' id='word_1_26' title='bbox 744 719 856 792; x_wconf 88' lang='grc' dir='ltr'><strong>νυκτός</strong></span> <span class='ocrx_word' id='word_1_27' title='bbox 880 724 921 783; x_wconf 86' lang='grc' dir='ltr'><strong>τὰ</strong></span> <span class='ocrx_word' id='word_1_28' title='bbox 944 719 1010 804; x_wconf 72' lang='grc' dir='ltr'><strong>(ᾦα</strong></span> <span class='ocrx_word' id='word_1_29' title='bbox 1039 714 1142 784; x_wconf 71' lang='grc' dir='ltr'><strong>αὐτῶν</strong></span> <span class='ocrx_word' id='word_1_30' title='bbox 1160 717 1215 791; x_wconf 76' lang='grc' dir='ltr'><strong>’τίς</strong></span> <span class='ocrx_word' id='word_1_31' title='bbox 1241 719 1339 805; x_wconf 84' lang='grc' dir='ltr'><strong>νομὴν</strong></span> <span class='ocrx_word' id='word_1_32' title='bbox 1366 727 1428 782; x_wconf 83' lang='grc' dir='ltr'><strong>τῶν</strong></span> <span class='ocrx_word' id='word_1_33' title='bbox 1455 739 1514 802; x_wconf 85' lang='grc' dir='ltr'><strong>χω-</strong></span> 
     </span>
     <span class='ocr_line' id='line_1_5' title="bbox 256 839 1513 932; baseline -0.005 -22"><span class='ocrx_word' id='word_1_34' title='bbox 256 846 376 932; x_wconf 87' lang='grc' dir='ltr'><strong>ραφίων</strong></span> <span class='ocrx_word' id='word_1_35' title='bbox 402 852 459 930; x_wconf 82' lang='grc' dir='ltr'><strong>τῆς</strong></span> <span class='ocrx_word' id='word_1_36' title='bbox 488 852 600 930; x_wconf 80' lang='grc' dir='ltr'><strong>μονῆς,</strong></span> <span class='ocrx_word' id='word_1_37' title='bbox 623 847 681 908; x_wconf 82' lang='grc' dir='ltr'><strong>καί</strong></span> <span class='ocrx_word' id='word_1_38' title='bbox 708 843 756 909; x_wconf 86' lang='grc' dir='ltr'><strong>διό</strong></span> <span class='ocrx_word' id='word_1_39' title='bbox 786 843 948 929; x_wconf 78' lang='grc' dir='ltr'><strong>λλάλησαν</strong></span> <span class='ocrx_word' id='word_1_40' title='bbox 977 839 1008 906; x_wconf 81' lang='grc' dir='ltr'><strong>οἱ</strong></span> <span class='ocrx_word' id='word_1_41' title='bbox 1036 844 1185 928; x_wconf 82' lang='grc' dir='ltr'><strong>μονσχοί,</strong></span> <span class='ocrx_word' id='word_1_42' title='bbox 1210 839 1362 930; x_wconf 74' lang='grc' dir='ltr'><strong>ἐποίησαν</strong></span> <span class='ocrx_word' id='word_1_43' title='bbox 1392 839 1513 928; x_wconf 77' lang='grc' dir='ltr'><strong>ἔνεδραν</strong></span> 
     </span>
     <span class='ocr_line' id='line_1_6' title="bbox 255 961 1513 1055; baseline 0 -25"><span class='ocrx_word' id='word_1_44' title='bbox 255 969 313 1031; x_wconf 88' lang='grc' dir='ltr'><strong>καί</strong></span> <span class='ocrx_word' id='word_1_45' title='bbox 340 964 523 1054; x_wconf 76' lang='grc' dir='ltr'><strong>ἐκράτησαν</strong></span> <span class='ocrx_word' id='word_1_46' title='bbox 550 971 606 1033; x_wconf 85' lang='grc' dir='ltr'><strong>καί</strong></span> <span class='ocrx_word' id='word_1_47' title='bbox 635 967 752 1054; x_wconf 76' lang='grc' dir='ltr'><strong>ίτυψαν</strong></span> <span class='ocrx_word' id='word_1_48' title='bbox 781 967 926 1055; x_wconf 79' lang='grc' dir='ltr'><strong>σφοδρῶς</strong></span> <span class='ocrx_word' id='word_1_49' title='bbox 953 964 1011 1031; x_wconf 78' lang='grc' dir='ltr'><strong>ἕνα</strong></span> <span class='ocrx_word' id='word_1_50' title='bbox 1041 965 1074 1042; x_wconf 70' lang='grc' dir='ltr'><strong>ἐξ</strong></span> <span class='ocrx_word' id='word_1_51' title='bbox 1109 961 1220 1030; x_wconf 73' lang='grc' dir='ltr'><strong>αὐτῶν.</strong></span> <span class='ocrx_word' id='word_1_52' title='bbox 1250 968 1307 1030; x_wconf 83' lang='grc' dir='ltr'><strong>καί</strong></span> <span class='ocrx_word' id='word_1_53' title='bbox 1333 967 1513 1053; x_wconf 68' lang='grc' dir='ltr'><strong>ἐδεήθησαν</strong></span> 
     </span>
     <span class='ocr_line' id='line_1_7' title="bbox 256 1087 1514 1178; baseline -0.002 -24"><span class='ocrx_word' id='word_1_54' title='bbox 256 1091 369 1178; x_wconf 85' lang='grc' dir='ltr'><strong>τούτου</strong></span> <span class='ocrx_word' id='word_1_55' title='bbox 391 1094 486 1178; x_wconf 84' lang='grc' dir='ltr'><strong>χάριν</strong></span> <span class='ocrx_word' id='word_1_56' title='bbox 509 1100 567 1178; x_wconf 83' lang='grc' dir='ltr'><strong>τῆς</strong></span> <span class='ocrx_word' id='word_1_57' title='bbox 591 1089 753 1175; x_wconf 71' lang='grc' dir='ltr'><strong>βασιλείας</strong></span> <span class='ocrx_word' id='word_1_58' title='bbox 777 1111 850 1178; x_wconf 92' lang='grc' dir='ltr'><strong>μου,</strong></span> <span class='ocrx_word' id='word_1_59' title='bbox 878 1087 949 1176; x_wconf 80' lang='grc' dir='ltr'><strong>ἥτις</strong></span> <span class='ocrx_word' id='word_1_60' title='bbox 972 1093 1030 1155; x_wconf 86' lang='grc' dir='ltr'><strong>καί</strong></span> <span class='ocrx_word' id='word_1_61' title='bbox 1049 1089 1124 1176; x_wconf 56' lang='grc' dir='ltr'><strong>’ἔχει</strong></span> <span class='ocrx_word' id='word_1_62' title='bbox 1147 1091 1280 1177; x_wconf 81' lang='grc' dir='ltr'><strong>θίλημα</strong></span> <span class='ocrx_word' id='word_1_63' title='bbox 1301 1087 1359 1155; x_wconf 81' lang='grc' dir='ltr'><strong>καὶ</strong></span> <span class='ocrx_word' id='word_1_64' title='bbox 1380 1089 1514 1176; x_wconf 75' lang='grc' dir='ltr'><strong>διορίζε-</strong></span> 
     </span>
     <span class='ocr_line' id='line_1_8' title="bbox 255 1206 1557 1306; baseline -0.003 -27"><span class='ocrx_word' id='word_1_65' title='bbox 255 1219 310 1306; x_wconf 66' lang='grc' dir='ltr'><strong>τοιί</strong></span> <span class='ocrx_word' id='word_1_66' title='bbox 334 1236 399 1294; x_wconf 90' lang='grc' dir='ltr'><strong>σοι,Ι</strong></span> <span class='ocrx_word' id='word_1_67' title='bbox 424 1212 467 1288; x_wconf 78' lang='grc' dir='ltr'><strong>ὣς</strong></span> <span class='ocrx_word' id='word_1_68' title='bbox 490 1212 528 1280; x_wconf 83' lang='grc' dir='ltr'><strong>ἂν</strong></span> <span class='ocrx_word' id='word_1_69' title='bbox 552 1212 702 1301; x_wconf 76' lang='grc' dir='ltr'><strong>ἀπόλθης</strong></span> <span class='ocrx_word' id='word_1_70' title='bbox 725 1217 782 1279; x_wconf 85' lang='grc' dir='ltr'><strong>καί</strong></span> <span class='ocrx_word' id='word_1_71' title='bbox 804 1211 934 1301; x_wconf 77' lang='grc' dir='ltr'><strong>ἀπιστῃς</strong></span> <span class='ocrx_word' id='word_1_72' title='bbox 956 1212 999 1300; x_wconf 79' lang='grc' dir='ltr'><strong>τῷ</strong></span> <span class='ocrx_word' id='word_1_73' title='bbox 1027 1215 1112 1300; x_wconf 85' lang='grc' dir='ltr'><strong>τόπιρ</strong></span> <span class='ocrx_word' id='word_1_74' title='bbox 1134 1217 1191 1279; x_wconf 79' lang='grc' dir='ltr'><strong>καί</strong></span> <span class='ocrx_word' id='word_1_75' title='bbox 1213 1206 1358 1302; x_wconf 77' lang='grc' dir='ltr'><strong>τηρήσῃς</strong></span> <span class='ocrx_word' id='word_1_76' title='bbox 1387 1216 1427 1278; x_wconf 80' lang='grc' dir='ltr'><strong>τὰ</strong></span> <span class='ocrx_word' id='word_1_77' title='bbox 1447 1216 1514 1297; x_wconf 77' lang='grc' dir='ltr'><strong>περὶ</strong></span> <span class='ocrx_word' id='word_1_78' title='bbox 1556 1285 1557 1288; x_wconf 10' lang='grc' dir='ltr'><strong>γ</strong></span> 
     </span>
     <span class='ocr_line' id='line_1_9' title="bbox 256 1333 1557 1427; baseline -0.002 -24"><span class='ocrx_word' id='word_1_79' title='bbox 256 1339 389 1405; x_wconf 87' lang='grc' dir='ltr'><strong>τούτου..</strong></span> <span class='ocrx_word' id='word_1_80' title='bbox 407 1343 464 1403; x_wconf 86' lang='grc' dir='ltr'><strong>καί</strong></span> <span class='ocrx_word' id='word_1_81' title='bbox 488 1339 544 1404; x_wconf 67' lang='grc' dir='ltr'><strong>ἐὰν</strong></span> <span class='ocrx_word' id='word_1_82' title='bbox 568 1333 664 1424; x_wconf 82' lang='grc' dir='ltr'><strong>εόρῃς</strong></span> <span class='ocrx_word' id='word_1_83' title='bbox 688 1335 739 1427; x_wconf 84' lang='grc' dir='ltr'><strong>ἀφ’</strong></span> <span class='ocrx_word' id='word_1_84' title='bbox 766 1333 808 1402; x_wconf 80' lang='grc' dir='ltr'><strong>ὧν</strong></span> <span class='ocrx_word' id='word_1_85' title='bbox 836 1333 990 1425; x_wconf 75' lang='grc' dir='ltr'><strong>ἀνέφερον</strong></span> <span class='ocrx_word' id='word_1_86' title='bbox 1014 1335 1044 1402; x_wconf 76' lang='grc' dir='ltr'><strong>οἱ</strong></span> <span class='ocrx_word' id='word_1_87' title='bbox 1066 1344 1202 1402; x_wconf 83' lang='grc' dir='ltr'><strong>τοιούτοι</strong></span> <span class='ocrx_word' id='word_1_88' title='bbox 1231 1340 1371 1424; x_wconf 80' lang='grc' dir='ltr'><strong>μοναχοί</strong></span> <span class='ocrx_word' id='word_1_89' title='bbox 1397 1349 1475 1424; x_wconf 87' lang='grc' dir='ltr'><strong>τρεῖς</strong></span> <span class='ocrx_word' id='word_1_90' title='bbox 1495 1335 1513 1424; x_wconf 76' lang='grc' dir='ltr'><strong><em>ἢ</em></strong></span> <span class='ocrx_word' id='word_1_91' title='bbox 1556 1357 1557 1360; x_wconf 65' lang='grc'>’</span> 
     </span>
     <span class='ocr_line' id='line_1_10' title="bbox 255 1457 1514 1550; baseline -0.003 -22"><span class='ocrx_word' id='word_1_92' title='bbox 255 1465 313 1528; x_wconf 86' lang='grc' dir='ltr'><strong>καί</strong></span> <span class='ocrx_word' id='word_1_93' title='bbox 336 1467 496 1548; x_wconf 72' lang='grc' dir='ltr'><strong>τέσσαρας</strong></span> <span class='ocrx_word' id='word_1_94' title='bbox 519 1457 688 1536; x_wconf 75' lang='grc' dir='ltr'><strong>ὑποθέσεις</strong></span> <span class='ocrx_word' id='word_1_95' title='bbox 709 1458 855 1547; x_wconf 80' lang='grc' dir='ltr'><strong>ἀληθεῖς,</strong></span> <span class='ocrx_word' id='word_1_96' title='bbox 879 1465 1045 1550; x_wconf 77' lang='grc' dir='ltr'><strong>κρατήσῃς</strong></span> <span class='ocrx_word' id='word_1_97' title='bbox 1067 1461 1141 1534; x_wconf 83' lang='grc' dir='ltr'><strong>τούς</strong></span> <span class='ocrx_word' id='word_1_98' title='bbox 1164 1462 1325 1534; x_wconf 87' lang='grc' dir='ltr'><strong>τοιούτους</strong></span> <span class='ocrx_word' id='word_1_99' title='bbox 1346 1463 1514 1546; x_wconf 74' lang='grc' dir='ltr'><strong>παροίκους</strong></span> 
     </span>
     <span class='ocr_line' id='line_1_11' title="bbox 256 1585 1514 1684; baseline -0.002 -33"><span class='ocrx_word' id='word_1_100' title='bbox 256 1595 312 1684; x_wconf 73' lang='grc' dir='ltr'><strong>τού</strong></span> <span class='ocrx_word' id='word_1_101' title='bbox 329 1585 494 1674; x_wconf 67' lang='grc' dir='ltr'><strong>εἰρημένου</strong></span> <span class='ocrx_word' id='word_1_102' title='bbox 516 1587 608 1652; x_wconf 86' lang='grc' dir='ltr'><strong>θείου</strong></span> <span class='ocrx_word' id='word_1_103' title='bbox 632 1595 687 1672; x_wconf 74' lang='grc' dir='ltr'><strong>της</strong></span> <span class='ocrx_word' id='word_1_104' title='bbox 711 1585 876 1669; x_wconf 87' lang='grc' dir='ltr'><strong>βασιλείας</strong></span> <span class='ocrx_word' id='word_1_105' title='bbox 901 1606 973 1671; x_wconf 89' lang='grc' dir='ltr'><strong>μου,</strong></span> <span class='ocrx_word' id='word_1_106' title='bbox 996 1593 1050 1651; x_wconf 84' lang='grc' dir='ltr'><strong>τού</strong></span> <span class='ocrx_word' id='word_1_107' title='bbox 1071 1587 1358 1672; x_wconf 84' lang='grc' dir='ltr'><strong>παρακοιμωμόνου</strong></span> <span class='ocrx_word' id='word_1_108' title='bbox 1382 1593 1439 1670; x_wconf 81' lang='grc' dir='ltr'><strong>τῆς</strong></span> <span class='ocrx_word' id='word_1_109' title='bbox 1462 1607 1514 1669; x_wconf 89' lang='grc' dir='ltr'><strong>με·</strong></span> 
     </span>
     <span class='ocr_line' id='line_1_12' title="bbox 256 1705 1512 1800; baseline -0.002 -26"><span class='ocrx_word' id='word_1_110' title='bbox 256 1710 359 1798; x_wconf 86' lang='grc' dir='ltr'><strong>γάλης</strong></span> <span class='ocrx_word' id='word_1_111' title='bbox 383 1711 566 1798; x_wconf 82' lang='grc' dir='ltr'><strong>σφενδόνης,</strong></span> <span class='ocrx_word' id='word_1_112' title='bbox 595 1713 652 1776; x_wconf 88' lang='grc' dir='ltr'><strong>καί</strong></span> <span class='ocrx_word' id='word_1_113' title='bbox 675 1705 780 1800; x_wconf 77' lang='grc' dir='ltr'><strong>ἀφέλῃ</strong></span> <span class='ocrx_word' id='word_1_114' title='bbox 803 1706 865 1776; x_wconf 82' lang='grc' dir='ltr'><strong>ἀπό</strong></span> <span class='ocrx_word' id='word_1_115' title='bbox 889 1709 1005 1774; x_wconf 88' lang='grc' dir='ltr'><strong>τούτων</strong></span> <span class='ocrx_word' id='word_1_116' title='bbox 1030 1711 1145 1796; x_wconf 70' lang='grc' dir='ltr'><strong>ζημίαν</strong></span> <span class='ocrx_word' id='word_1_117' title='bbox 1175 1705 1264 1784; x_wconf 76' lang='grc' dir='ltr'><strong>ἀξίαν</strong></span> <span class='ocrx_word' id='word_1_118' title='bbox 1290 1709 1347 1774; x_wconf 85' lang='grc' dir='ltr'><strong>καί</strong></span> <span class='ocrx_word' id='word_1_119' title='bbox 1371 1705 1512 1793; x_wconf 72' lang='grc' dir='ltr'><strong>εἰσκομί-</strong></span> 
     </span>
     <span class='ocr_line' id='line_1_13' title="bbox 256 1802 1514 1921; baseline -0.004 -21"><span class='ocrx_word' id='word_1_120' title='bbox 256 1802 317 1920; x_wconf 82' lang='grc' dir='ltr'><strong>σης</strong></span> <span class='ocrx_word' id='word_1_121' title='bbox 341 1837 376 1900; x_wconf 86' lang='grc' dir='ltr'><strong>τό</strong></span> <span class='ocrx_word' id='word_1_122' title='bbox 401 1831 463 1900; x_wconf 89' lang='grc' dir='ltr'><strong>ἀπό</strong></span> <span class='ocrx_word' id='word_1_123' title='bbox 483 1836 594 1899; x_wconf 84' lang='grc' dir='ltr'><strong>τούτου</strong></span> <span class='ocrx_word' id='word_1_124' title='bbox 617 1832 662 1908; x_wconf 82' lang='grc' dir='ltr'><strong>είς</strong></span> <span class='ocrx_word' id='word_1_125' title='bbox 686 1837 721 1900; x_wconf 87' lang='grc' dir='ltr'><strong>τό</strong></span> <span class='ocrx_word' id='word_1_126' title='bbox 738 1833 978 1921; x_wconf 83' lang='grc' dir='ltr'><strong>θεοφροόρητον</strong></span> <span class='ocrx_word' id='word_1_127' title='bbox 999 1831 1189 1918; x_wconf 88' lang='grc' dir='ltr'><strong>βεστίσριον,</strong></span> <span class='ocrx_word' id='word_1_128' title='bbox 1213 1827 1297 1906; x_wconf 78' lang='grc' dir='ltr'><strong>ὅπως</strong></span> <span class='ocrx_word' id='word_1_129' title='bbox 1319 1831 1514 1897; x_wconf 78' lang='grc' dir='ltr'><strong>παιδευθῶσι</strong></span> 
     </span>
     <span class='ocr_line' id='line_1_14' title="bbox 214 1951 1513 2044; baseline -0.002 -21"><span class='ocrx_word' id='word_1_130' title='bbox 214 1965 220 1977; x_wconf 87' lang='grc'><em>“</em></span> <span class='ocrx_word' id='word_1_131' title='bbox 255 1957 349 2044; x_wconf 85' lang='grc' dir='ltr'><strong>τιμᾶν</strong></span> <span class='ocrx_word' id='word_1_132' title='bbox 377 1959 412 2022; x_wconf 90' lang='grc' dir='ltr'><strong>τό</strong></span> <span class='ocrx_word' id='word_1_133' title='bbox 441 1957 617 2044; x_wconf 86' lang='grc' dir='ltr'><strong>μοναχικόν</strong></span> <span class='ocrx_word' id='word_1_134' title='bbox 644 1959 751 2044; x_wconf 87' lang='grc' dir='ltr'><strong>τάγμα</strong></span> <span class='ocrx_word' id='word_1_135' title='bbox 777 1959 834 2021; x_wconf 86' lang='grc' dir='ltr'><strong>καί</strong></span> <span class='ocrx_word' id='word_1_136' title='bbox 861 1956 1034 2044; x_wconf 80' lang='grc' dir='ltr'><strong>φυλάσσειν</strong></span> <span class='ocrx_word' id='word_1_137' title='bbox 1058 1951 1292 2044; x_wconf 79' lang='grc' dir='ltr'><strong>ἀνενοχλητους</strong></span> <span class='ocrx_word' id='word_1_138' title='bbox 1318 1955 1393 2031; x_wconf 83' lang='grc' dir='ltr'><strong>τούς</strong></span> <span class='ocrx_word' id='word_1_139' title='bbox 1416 1976 1513 2037; x_wconf 89' lang='grc' dir='ltr'><strong>γειτο-</strong></span> 
     </span>
     <span class='ocr_line' id='line_1_15' title="bbox 255 2077 1512 2168; baseline -0.001 -21"><span class='ocrx_word' id='word_1_140' title='bbox 255 2088 386 2155; x_wconf 85' lang='grc' dir='ltr'><strong>νοόντας</strong></span> <span class='ocrx_word' id='word_1_141' title='bbox 414 2077 528 2156; x_wconf 76' lang='grc' dir='ltr'><strong>αὐτοῖς.</strong></span> <span class='ocrx_word' id='word_1_142' title='bbox 558 2083 615 2146; x_wconf 86' lang='grc' dir='ltr'><strong>καὶ</strong></span> <span class='ocrx_word' id='word_1_143' title='bbox 647 2085 781 2168; x_wconf 89' lang='grc' dir='ltr'><strong>ποίησον</strong></span> <span class='ocrx_word' id='word_1_144' title='bbox 815 2083 900 2146; x_wconf 84' lang='grc' dir='ltr'><strong>κατὰ</strong></span> <span class='ocrx_word' id='word_1_145' title='bbox 928 2081 980 2146; x_wconf 83' lang='grc' dir='ltr'><strong>τόν</strong></span> <span class='ocrx_word' id='word_1_146' title='bbox 1007 2081 1148 2166; x_wconf 87' lang='grc' dir='ltr'><strong>παρόντα</strong></span> <span class='ocrx_word' id='word_1_147' title='bbox 1176 2077 1305 2167; x_wconf 84' lang='grc' dir='ltr'><strong>ὁρισμόν</strong></span> <span class='ocrx_word' id='word_1_148' title='bbox 1335 2090 1394 2168; x_wconf 80' lang='grc' dir='ltr'><strong>τῆς</strong></span> <span class='ocrx_word' id='word_1_149' title='bbox 1425 2084 1512 2166; x_wconf 86' lang='grc' dir='ltr'><strong>βασι-</strong></span> 
     </span>
     <span class='ocr_line' id='line_1_16' title="bbox 255 2204 481 2291; baseline 0 -21"><span class='ocrx_word' id='word_1_150' title='bbox 255 2204 344 2279; x_wconf 86' lang='grc' dir='ltr'><strong>λείας</strong></span> <span class='ocrx_word' id='word_1_151' title='bbox 368 2226 429 2291; x_wconf 90' lang='grc' dir='ltr'><strong>μου</strong></span> <span class='ocrx_word' id='word_1_152' title='bbox 451 2207 481 2286; x_wconf 91' lang='lat'><strong>†.</strong></span> 
     </span>
    </p>

    <p class='ocr_par' dir='ltr' id='par_1_3' title="bbox 260 2325 1512 2541">
     <span class='ocr_line' id='line_1_17' title="bbox 343 2325 1512 2416; baseline -0.003 -22"><span class='ocrx_word' id='word_1_153' title='bbox 343 2331 365 2408; x_wconf 92' lang='lat'>†</span> <span class='ocrx_word' id='word_1_154' title='bbox 396 2327 509 2416; x_wconf 82' lang='grc' dir='ltr'><strong>Εἶχε</strong></span> <span class='ocrx_word' id='word_1_155' title='bbox 543 2329 602 2393; x_wconf 80' lang='grc' dir='ltr'><strong>τό·</strong></span> <span class='ocrx_word' id='word_1_156' title='bbox 637 2331 743 2415; x_wconf 83' lang='grc' dir='ltr'><strong>μηνί</strong></span> <span class='ocrx_word' id='word_1_157' title='bbox 777 2331 952 2415; x_wconf 84' lang='grc' dir='ltr'><strong>μαρτίιρ</strong></span> <span class='ocrx_word' id='word_1_158' title='bbox 982 2325 1068 2395; x_wconf 53' lang='grc' dir='ltr'><strong>ίνδ.*</strong></span> <span class='ocrx_word' id='word_1_159' title='bbox 1094 2332 1304 2415; x_wconf 78' lang='grc' dir='ltr'><strong>ρίμττης</strong></span> <span class='ocrx_word' id='word_1_160' title='bbox 1334 2327 1389 2391; x_wconf 88' lang='grc' dir='ltr'><strong>δι’</strong></span> <span class='ocrx_word' id='word_1_161' title='bbox 1421 2327 1512 2412; x_wconf 76' lang='grc' dir='ltr'><strong>ἀρυ-</strong></span> 
     </span>
     <span class='ocr_line' id='line_1_18' title="bbox 260 2449 1511 2541; baseline -0.001 -24"><span class='ocrx_word' id='word_1_162' title='bbox 260 2453 373 2538; x_wconf 80' lang='grc' dir='ltr'><strong>θρων</strong></span> <span class='ocrx_word' id='word_1_163' title='bbox 396 2455 662 2540; x_wconf 79' lang='grc' dir='ltr'><strong>γραμμάτων</strong></span> <span class='ocrx_word' id='word_1_164' title='bbox 685 2459 763 2541; x_wconf 84' lang='grc' dir='ltr'><strong>της</strong></span> <span class='ocrx_word' id='word_1_165' title='bbox 787 2451 1144 2538; x_wconf 81' lang='grc' dir='ltr'><strong>βασιλικηςκαί</strong></span> <span class='ocrx_word' id='word_1_166' title='bbox 1167 2449 1297 2527; x_wconf 82' lang='grc' dir='ltr'><strong>θείας</strong></span> <span class='ocrx_word' id='word_1_167' title='bbox 1320 2453 1511 2538; x_wconf 73' lang='grc' dir='ltr'><strong>χειρόςγ.</strong></span> 
     </span>
    </p>
   </div>
   <div class='ocr_carea' id='block_1_3' title="bbox 527 2645 1251 2730">
    <p class='ocr_par' dir='ltr' id='par_1_4' title="bbox 527 2645 1251 2730">
     <span class='ocr_line' id='line_1_19' title="bbox 527 2645 1251 2730; baseline -0.004 -13"><span class='ocrx_word' id='word_1_168' title='bbox 527 2646 658 2718; x_wconf 79' lang='lat' dir='ltr'><strong>chlv.</strong></span> <span class='ocrx_word' id='word_1_169' title='bbox 676 2646 752 2715; x_wconf 81' lang='lat' dir='ltr'>Sine</span> <span class='ocrx_word' id='word_1_170' title='bbox 767 2667 860 2726; x_wconf 79' lang='lat' dir='ltr'><strong>anno,</strong></span> <span class='ocrx_word' id='word_1_171' title='bbox 875 2667 981 2716; x_wconf 80' lang='lat' dir='ltr'>menso</span> <span class='ocrx_word' id='word_1_172' title='bbox 996 2647 1115 2730; x_wconf 80' lang='lat' dir='ltr'><strong>martio,</strong></span> <span class='ocrx_word' id='word_1_173' title='bbox 1132 2645 1197 2713; x_wconf 89' lang='lat' dir='ltr'><strong>ind.</strong></span> <span class='ocrx_word' id='word_1_174' title='bbox 1213 2645 1251 2714; x_wconf 89' lang='lat' dir='ltr'><strong>V.</strong></span> 
     </span>
    </p>
   </div>
   <div class='ocr_carea' id='block_1_4' title="bbox 259 2791 1514 2867">
    <p class='ocr_par' dir='ltr' id='par_1_5' title="bbox 259 2791 1514 2867">
     <span class='ocr_line' id='line_1_20' title="bbox 259 2791 1514 2867; baseline -0.003 -17"><span class='ocrx_word' id='word_1_175' title='bbox 259 2791 358 2850; x_wconf 65' lang='lat' dir='ltr'><strong>eureos·</strong></span> <span class='ocrx_word' id='word_1_176' title='bbox 375 2793 538 2866; x_wconf 67' lang='lat' dir='ltr'><strong>metropolis</strong></span> <span class='ocrx_word' id='word_1_177' title='bbox 557 2793 697 2867; x_wconf 73' lang='lat' dir='ltr'><strong><em>Smyrnae</em></strong></span> <span class='ocrx_word' id='word_1_178' title='bbox 719 2797 938 2852; x_wconf 78' lang='grc' dir='ltr'><strong>σοπίνυινινιίαιιι</strong></span> <span class='ocrx_word' id='word_1_179' title='bbox 959 2797 1035 2852; x_wconf 67' lang='grc' dir='ltr'><strong>ὄκνει·</strong></span> <span class='ocrx_word' id='word_1_180' title='bbox 1057 2797 1260 2852; x_wconf 70' lang='lat' dir='ltr'><strong>monasterium</strong></span> <span class='ocrx_word' id='word_1_181' title='bbox 1279 2805 1307 2850; x_wconf 77' lang='grc' dir='ltr'><strong>ετ</strong></span> <span class='ocrx_word' id='word_1_182' title='bbox 1327 2791 1514 2866; x_wconf 67' lang='lat' dir='ltr'><strong>Nummum</strong></span> 
     </span>
    </p>
   </div>
   <div class='ocr_carea' id='block_1_5' title="bbox 804 2919 977 2978">
    <p class='ocr_par' dir='ltr' id='par_1_6' title="bbox 804 2919 977 2978">
     <span class='ocr_line' id='line_1_21' title="bbox 804 2919 977 2978; baseline 0.017 -4"><span class='ocrx_word' id='word_1_183' title='bbox 804 2919 977 2978; x_wconf 74' lang='grc' dir='ltr'><strong>ιααωίιισπί.</strong></span> 
     </span>
    </p>
   </div>
   <div class='ocr_carea' id='block_1_6' title="bbox 258 3065 1518 4764">
    <p class='ocr_par' dir='ltr' id='par_1_7' title="bbox 258 3065 1518 4764">
     <span class='ocr_line' id='line_1_22' title="bbox 345 3065 1514 3157; baseline 0 -23"><span class='ocrx_word' id='word_1_184' title='bbox 345 3065 1076 3157; x_wconf 70' lang='grc' dir='ltr'><strong>γΣημτίωμαάκκλησιαστικδν</strong></span> <span class='ocrx_word' id='word_1_185' title='bbox 1104 3071 1329 3137; x_wconf 76' lang='grc' dir='ltr'><strong>καιόντων</strong></span> <span class='ocrx_word' id='word_1_186' title='bbox 1357 3068 1514 3156; x_wconf 82' lang='grc' dir='ltr'><strong>ἀδικη-</strong></span> 
     </span>
     <span class='ocr_line' id='line_1_23' title="bbox 259 3191 1515 3281; baseline 0.003 -26"><span class='ocrx_word' id='word_1_187' title='bbox 259 3191 942 3281; x_wconf 80' lang='grc' dir='ltr'><strong>μάτωνκαίκακουργημοίτων</strong></span> <span class='ocrx_word' id='word_1_188' title='bbox 970 3205 1052 3260; x_wconf 83' lang='grc' dir='ltr'><strong>των</strong></span> <span class='ocrx_word' id='word_1_189' title='bbox 1079 3193 1317 3281; x_wconf 70' lang='grc' dir='ltr'><strong>παροίνιον</strong></span> <span class='ocrx_word' id='word_1_190' title='bbox 1343 3203 1422 3259; x_wconf 81' lang='grc' dir='ltr'><strong>τοῦ</strong></span> <span class='ocrx_word' id='word_1_191' title='bbox 1449 3215 1515 3259; x_wconf 85' lang='grc' dir='ltr'><strong>τα·</strong></span> 
     </span>
     <span class='ocr_line' id='line_1_24' title="bbox 258 3315 1514 3404; baseline 0.003 -26"><span class='ocrx_word' id='word_1_192' title='bbox 258 3318 624 3400; x_wconf 82' lang='grc' dir='ltr'><strong>ρακοιμωμίνου</strong></span> <span class='ocrx_word' id='word_1_193' title='bbox 662 3325 742 3382; x_wconf 75' lang='grc' dir='ltr'><strong>τοῦ</strong></span> <span class='ocrx_word' id='word_1_194' title='bbox 773 3315 1090 3399; x_wconf 85' lang='grc' dir='ltr'><strong>Νεοστόγγσο,</strong></span> <span class='ocrx_word' id='word_1_195' title='bbox 1124 3328 1360 3404; x_wconf 82' lang='grc' dir='ltr'><strong>παριστῶν</strong></span> <span class='ocrx_word' id='word_1_196' title='bbox 1394 3321 1514 3400; x_wconf 79' lang='grc' dir='ltr'><strong>γενέ·</strong></span> 
     </span>
     <span class='ocr_line' id='line_1_25' title="bbox 258 3435 1275 3526; baseline 0.005 -25"><span class='ocrx_word' id='word_1_197' title='bbox 258 3437 707 3512; x_wconf 80' lang='grc' dir='ltr'><strong>σθαιτὰπάνταείς</strong></span> <span class='ocrx_word' id='word_1_198' title='bbox 731 3436 1052 3526; x_wconf 77' lang='grc' dir='ltr'><strong>ἀληθειανύπ</strong></span> <span class='ocrx_word' id='word_1_199' title='bbox 1077 3435 1275 3522; x_wconf 62' lang='grc' dir='ltr'><strong>αύτῶνγ.</strong></span> 
     </span>
     <span class='ocr_line' id='line_1_26' title="bbox 268 3556 1514 3652; baseline 0.001 -26"><span class='ocrx_word' id='word_1_200' title='bbox 268 3593 272 3600; x_wconf 89' lang='grc'><strong><em>·</em></strong></span> <span class='ocrx_word' id='word_1_201' title='bbox 320 3556 473 3646; x_wconf 73' lang='grc' dir='ltr'><strong>’γΜηνί</strong></span> <span class='ocrx_word' id='word_1_202' title='bbox 501 3558 659 3648; x_wconf 80' lang='grc' dir='ltr'><strong>ἀπριλλίμ</strong></span> <span class='ocrx_word' id='word_1_203' title='bbox 682 3561 742 3630; x_wconf 69' lang='lat' dir='ltr'><strong>tva.</strong></span> <span class='ocrx_word' id='word_1_204' title='bbox 775 3561 929 3650; x_wconf 73' lang='grc' dir='ltr'><strong>πέμπτης.</strong></span> <span class='ocrx_word' id='word_1_205' title='bbox 959 3566 978 3645; x_wconf 95' lang='lat'>†</span> <span class='ocrx_word' id='word_1_206' title='bbox 1004 3561 1039 3630; x_wconf 80' lang='lat'><strong>‘0</strong></span> <span class='ocrx_word' id='word_1_207' title='bbox 1068 3563 1185 3639; x_wconf 79' lang='grc' dir='ltr'><strong>οἰκεῖος</strong></span> <span class='ocrx_word' id='word_1_208' title='bbox 1220 3563 1263 3651; x_wconf 73' lang='grc' dir='ltr'><strong>τῷ</strong></span> <span class='ocrx_word' id='word_1_209' title='bbox 1291 3566 1435 3652; x_wconf 73' lang='grc' dir='ltr'><strong>κραταιῷ</strong></span> <span class='ocrx_word' id='word_1_210' title='bbox 1461 3568 1514 3630; x_wconf 86' lang='grc' dir='ltr'><strong>καί</strong></span> 
     </span>
     <span class='ocr_line' id='line_1_27' title="bbox 259 3677 1515 3776; baseline 0.002 -29"><span class='ocrx_word' id='word_1_211' title='bbox 259 3677 341 3768; x_wconf 76' lang='grc' dir='ltr'><strong>ἁγίῳ</strong></span> <span class='ocrx_word' id='word_1_212' title='bbox 363 3677 452 3770; x_wconf 74' lang='grc' dir='ltr'><strong>ἡμῶν</strong></span> <span class='ocrx_word' id='word_1_213' title='bbox 473 3679 614 3774; x_wconf 75' lang='grc' dir='ltr'><strong>αὐθέντῃ</strong></span> <span class='ocrx_word' id='word_1_214' title='bbox 641 3689 698 3750; x_wconf 87' lang='grc' dir='ltr'><strong>καί</strong></span> <span class='ocrx_word' id='word_1_215' title='bbox 722 3686 860 3770; x_wconf 80' lang='grc' dir='ltr'><strong>βασιλεῖ,</strong></span> <span class='ocrx_word' id='word_1_216' title='bbox 889 3687 965 3763; x_wconf 78' lang='grc' dir='ltr'><strong>δούξ</strong></span> <span class='ocrx_word' id='word_1_217' title='bbox 986 3695 1041 3753; x_wconf 85' lang='grc' dir='ltr'><strong>τού</strong></span> <span class='ocrx_word' id='word_1_218' title='bbox 1065 3689 1209 3774; x_wconf 73' lang='grc' dir='ltr'><strong>θύματος</strong></span> <span class='ocrx_word' id='word_1_219' title='bbox 1233 3698 1294 3753; x_wconf 86' lang='grc' dir='ltr'><strong>των</strong></span> <span class='ocrx_word' id='word_1_220' title='bbox 1317 3689 1515 3776; x_wconf 87' lang='grc' dir='ltr'><strong>Θρακησίων,</strong></span> 
     </span>
     <span class='ocr_line' id='line_1_28' title="bbox 259 3803 1516 3900; baseline 0.002 -27"><span class='ocrx_word' id='word_1_221' title='bbox 259 3814 320 3893; x_wconf 81' lang='grc' dir='ltr'><strong>κύρ</strong></span> <span class='ocrx_word' id='word_1_222' title='bbox 337 3804 460 3881; x_wconf 83' lang='grc' dir='ltr'><strong>Φωκάς</strong></span> <span class='ocrx_word' id='word_1_223' title='bbox 475 3803 492 3871; x_wconf 84' lang='grc' dir='ltr'><strong>ὁ</strong></span> <span class='ocrx_word' id='word_1_224' title='bbox 508 3803 735 3894; x_wconf 87' lang='grc' dir='ltr'><strong>Αότωρειανός,</strong></span> <span class='ocrx_word' id='word_1_225' title='bbox 760 3809 882 3898; x_wconf 75' lang='grc' dir='ltr'><strong>γραφὴν</strong></span> <span class='ocrx_word' id='word_1_226' title='bbox 906 3814 1123 3898; x_wconf 87' lang='grc' dir='ltr'><strong>προκεκόμικε</strong></span> <span class='ocrx_word' id='word_1_227' title='bbox 1137 3823 1203 3887; x_wconf 81' lang='grc' dir='ltr'><strong>τοῖς</strong></span> <span class='ocrx_word' id='word_1_228' title='bbox 1227 3818 1426 3900; x_wconf 81' lang='grc' dir='ltr'><strong>τιμιωτάτοις</strong></span> <span class='ocrx_word' id='word_1_229' title='bbox 1441 3813 1516 3897; x_wconf 85' lang='grc' dir='ltr'><strong>κλη-</strong></span> 
     </span>
     <span class='ocr_line' id='line_1_29' title="bbox 258 3927 1516 4024; baseline 0.002 -28"><span class='ocrx_word' id='word_1_230' title='bbox 258 3942 358 4018; x_wconf 82' lang='grc' dir='ltr'><strong>ρικοίς</strong></span> <span class='ocrx_word' id='word_1_231' title='bbox 385 3935 442 3998; x_wconf 86' lang='grc' dir='ltr'><strong>καί</strong></span> <span class='ocrx_word' id='word_1_232' title='bbox 470 3930 608 4017; x_wconf 80' lang='grc' dir='ltr'><strong>ἄρχουσι</strong></span> <span class='ocrx_word' id='word_1_233' title='bbox 628 3940 691 4022; x_wconf 74' lang='grc' dir='ltr'><strong>τῆς</strong></span> <span class='ocrx_word' id='word_1_234' title='bbox 720 3927 900 4021; x_wconf 76' lang='grc' dir='ltr'><strong>ἁγιωτάτης</strong></span> <span class='ocrx_word' id='word_1_235' title='bbox 924 3935 1146 4022; x_wconf 79' lang='grc' dir='ltr'><strong>μητροπόλεως</strong></span> <span class='ocrx_word' id='word_1_236' title='bbox 1175 3935 1319 4024; x_wconf 76' lang='grc' dir='ltr'><strong>Σμύρνης</strong></span> <span class='ocrx_word' id='word_1_237' title='bbox 1341 3947 1397 4003; x_wconf 88' lang='grc' dir='ltr'><strong>τού</strong></span> <span class='ocrx_word' id='word_1_238' title='bbox 1422 3933 1516 4016; x_wconf 77' lang='grc' dir='ltr'><strong>ἁγιω-</strong></span> 
     </span>
     <span class='ocr_line' id='line_1_30' title="bbox 259 4041 1517 4146; baseline 0.001 -25"><span class='ocrx_word' id='word_1_239' title='bbox 259 4059 356 4122; x_wconf 82' lang='grc' dir='ltr'><strong>τάτου</strong></span> <span class='ocrx_word' id='word_1_240' title='bbox 382 4051 472 4142; x_wconf 80' lang='grc' dir='ltr'><strong>ἡμῶν</strong></span> <span class='ocrx_word' id='word_1_241' title='bbox 495 4055 665 4137; x_wconf 81' lang='grc' dir='ltr'><strong>δεσπότου,</strong></span> <span class='ocrx_word' id='word_1_242' title='bbox 692 4064 747 4120; x_wconf 78' lang='grc' dir='ltr'><strong>τοῦ</strong></span> <span class='ocrx_word' id='word_1_243' title='bbox 770 4041 1004 4145; x_wconf 86' lang='grc' dir='ltr'><strong>πανυπερτίμου</strong></span> <span class='ocrx_word' id='word_1_244' title='bbox 1029 4062 1262 4146; x_wconf 87' lang='grc' dir='ltr'><strong>μητροπολίτου</strong></span> <span class='ocrx_word' id='word_1_245' title='bbox 1285 4059 1440 4146; x_wconf 84' lang='grc' dir='ltr'><strong>Σμύρνης,</strong></span> <span class='ocrx_word' id='word_1_246' title='bbox 1462 4079 1517 4124; x_wconf 86' lang='grc' dir='ltr'><strong>κα-</strong></span> 
     </span>
     <span class='ocr_line' id='line_1_31' title="bbox 260 4175 1516 4272; baseline 0.001 -28"><span class='ocrx_word' id='word_1_247' title='bbox 260 4179 463 4266; x_wconf 85' lang='grc' dir='ltr'><strong>ραδηλούσαν</strong></span> <span class='ocrx_word' id='word_1_248' title='bbox 486 4175 558 4266; x_wconf 70' lang='grc' dir='ltr'><strong>ἡμῖν</strong></span> <span class='ocrx_word' id='word_1_249' title='bbox 583 4182 819 4268; x_wconf 81' lang='grc' dir='ltr'><strong>σοναφικόσθαι</strong></span> <span class='ocrx_word' id='word_1_250' title='bbox 842 4177 927 4268; x_wconf 72' lang='grc' dir='ltr'><strong>αὐτῷ</strong></span> <span class='ocrx_word' id='word_1_251' title='bbox 951 4178 1189 4272; x_wconf 90' lang='grc' dir='ltr'><strong>ἀναμφιβόλως,</strong></span> <span class='ocrx_word' id='word_1_252' title='bbox 1215 4183 1299 4250; x_wconf 77' lang='grc' dir='ltr'><strong>ἔνθα</strong></span> <span class='ocrx_word' id='word_1_253' title='bbox 1320 4181 1446 4271; x_wconf 74' lang='grc' dir='ltr'><strong>ὡρίσθη</strong></span> <span class='ocrx_word' id='word_1_254' title='bbox 1469 4183 1516 4245; x_wconf 86' lang='grc' dir='ltr'><strong>διὰ</strong></span> 
     </span>
     <span class='ocr_line' id='line_1_32' title="bbox 260 4302 1516 4396; baseline 0.006 -30"><span class='ocrx_word' id='word_1_255' title='bbox 260 4303 353 4368; x_wconf 84' lang='grc' dir='ltr'><strong>θείου</strong></span> <span class='ocrx_word' id='word_1_256' title='bbox 381 4307 438 4368; x_wconf 87' lang='grc' dir='ltr'><strong>καί</strong></span> <span class='ocrx_word' id='word_1_257' title='bbox 465 4302 634 4386; x_wconf 73' lang='grc' dir='ltr'><strong>βασιλικοῦ</strong></span> <span class='ocrx_word' id='word_1_258' title='bbox 662 4313 880 4390; x_wconf 83' lang='grc' dir='ltr'><strong>προσκυνητοῡ</strong></span> <span class='ocrx_word' id='word_1_259' title='bbox 908 4309 1149 4392; x_wconf 88' lang='grc' dir='ltr'><strong>προστάγματος</strong></span> <span class='ocrx_word' id='word_1_260' title='bbox 1184 4309 1218 4372; x_wconf 77' lang='grc' dir='ltr'><strong>ἀν</strong></span> <span class='ocrx_word' id='word_1_261' title='bbox 1251 4307 1295 4396; x_wconf 80' lang='grc' dir='ltr'><strong>τῷ</strong></span> <span class='ocrx_word' id='word_1_262' title='bbox 1328 4307 1432 4394; x_wconf 85' lang='grc' dir='ltr'><strong>χωρίῳ</strong></span> <span class='ocrx_word' id='word_1_263' title='bbox 1466 4315 1516 4392; x_wconf 75' lang='grc' dir='ltr'><strong>τῆς</strong></span> 
     </span>
     <span class='ocr_line' id='line_1_33' title="bbox 259 4423 1513 4519; baseline 0.002 -31"><span class='ocrx_word' id='word_1_264' title='bbox 259 4423 474 4511; x_wconf 81' lang='grc' dir='ltr'><strong>Πρινοβοίρτος</strong></span> <span class='ocrx_word' id='word_1_265' title='bbox 501 4429 559 4494; x_wconf 84' lang='grc' dir='ltr'><strong>καί</strong></span> <span class='ocrx_word' id='word_1_266' title='bbox 592 4435 729 4513; x_wconf 79' lang='grc' dir='ltr'><strong>τηρῆσαι</strong></span> <span class='ocrx_word' id='word_1_267' title='bbox 757 4427 811 4513; x_wconf 80' lang='grc' dir='ltr'><strong>την</strong></span> <span class='ocrx_word' id='word_1_268' title='bbox 848 4432 944 4514; x_wconf 78' lang='grc' dir='ltr'><strong>μίσον</strong></span> <span class='ocrx_word' id='word_1_269' title='bbox 979 4427 1131 4496; x_wconf 72' lang='grc' dir='ltr'><strong>ὑπόθεσιν</strong></span> <span class='ocrx_word' id='word_1_270' title='bbox 1166 4439 1221 4519; x_wconf 77' lang='grc' dir='ltr'><strong>τῆς</strong></span> <span class='ocrx_word' id='word_1_271' title='bbox 1256 4433 1432 4516; x_wconf 88' lang='grc' dir='ltr'><strong>σεβασμίας</strong></span> <span class='ocrx_word' id='word_1_272' title='bbox 1461 4431 1513 4494; x_wconf 83' lang='grc' dir='ltr'><strong>καί</strong></span> 
     </span>
     <span class='ocr_line' id='line_1_34' title="bbox 262 4544 1514 4636; baseline 0.002 -24"><span class='ocrx_word' id='word_1_273' title='bbox 262 4544 356 4625; x_wconf 82' lang='grc' dir='ltr'><strong>ἁγίας</strong></span> <span class='ocrx_word' id='word_1_274' title='bbox 380 4547 670 4636; x_wconf 83' lang='grc' dir='ltr'><strong>βασιλικῆςμονης</strong></span> <span class='ocrx_word' id='word_1_275' title='bbox 698 4559 757 4614; x_wconf 83' lang='grc' dir='ltr'><strong>τῶν</strong></span> <span class='ocrx_word' id='word_1_276' title='bbox 780 4547 916 4636; x_wconf 83' lang='grc' dir='ltr'><strong>Λέμβων</strong></span> <span class='ocrx_word' id='word_1_277' title='bbox 939 4557 995 4618; x_wconf 86' lang='grc' dir='ltr'><strong>καί</strong></span> <span class='ocrx_word' id='word_1_278' title='bbox 1018 4563 1073 4619; x_wconf 82' lang='grc' dir='ltr'><strong>τού</strong></span> <span class='ocrx_word' id='word_1_279' title='bbox 1101 4559 1391 4634; x_wconf 85' lang='grc' dir='ltr'><strong>πανεογενεστάτοο</strong></span> <span class='ocrx_word' id='word_1_280' title='bbox 1417 4554 1514 4620; x_wconf 87' lang='grc' dir='ltr'><strong>δούκα</strong></span> 
     </span>
     <span class='ocr_line' id='line_1_35' title="bbox 261 4669 1518 4764; baseline 0.002 -28"><span class='ocrx_word' id='word_1_281' title='bbox 261 4675 317 4736; x_wconf 88' lang='grc' dir='ltr'><strong>καί</strong></span> <span class='ocrx_word' id='word_1_282' title='bbox 343 4669 634 4758; x_wconf 81' lang='grc' dir='ltr'><strong>παρακοιμωμόνου</strong></span> <span class='ocrx_word' id='word_1_283' title='bbox 661 4680 716 4758; x_wconf 81' lang='grc' dir='ltr'><strong>τῆς</strong></span> <span class='ocrx_word' id='word_1_284' title='bbox 744 4675 887 4761; x_wconf 85' lang='grc' dir='ltr'><strong>μεγάλης</strong></span> <span class='ocrx_word' id='word_1_285' title='bbox 915 4677 1088 4764; x_wconf 88' lang='grc' dir='ltr'><strong>σφενδόνης</strong></span> <span class='ocrx_word' id='word_1_286' title='bbox 1122 4688 1177 4744; x_wconf 85' lang='grc' dir='ltr'><strong>τού</strong></span> <span class='ocrx_word' id='word_1_287' title='bbox 1210 4677 1431 4761; x_wconf 87' lang='grc' dir='ltr'><strong>Νεοστόγγου,</strong></span> <span class='ocrx_word' id='word_1_288' title='bbox 1465 4673 1518 4742; x_wconf 86' lang='grc' dir='ltr'><strong>καὶ</strong></span> 
     </span>
    </p>
   </div>
   <div class='ocr_carea' id='block_1_7' title="bbox 0 0 1575 5306">
    <p class='ocr_par' dir='ltr' id='par_1_8' title="bbox 0 0 1575 5306">
     <span class='ocr_line' id='line_1_36' title="bbox 0 0 1575 5306; baseline 0 0"><span class='ocrx_word' id='word_1_289' title='bbox 0 0 1575 5306; x_wconf 95' lang='lat' dir='ltr'><strong> </strong></span> 
     </span>
    </p>
   </div>
  </div>
 </body>
</html>
