3168 5274
1261 307 1327 372 325

68 509 156 556 στειον
179 491 258 576 πρὸς
283 487 398 566 αὐτοῦς
423 503 460 579 τῇ
486 489 649 581 ἀντιλήψει
672 497 727 558 καί
754 497 954 584 πολυχρονίῳ
979 495 1067 584 χαρᾷ
1092 503 1146 562 τοῦ
1170 507 1325 582 κραταιοῦ

67 618 112 678 καί
137 612 230 696 ἁγίου
254 611 344 702 ἡμῶν
372 611 535 682 αῦθίντουι
556 620 611 681 ππί
640 619 806 700 βασιλέως,
835 617 912 707 ὅπερ
941 619 1077 708 ἄρχεται
1101 625 1159 708 μίν
1182 619 1244 688 ἀπὸ
1268 632 1324 688 τοῦ

69 737 168 823 ἄντρου
190 747 250 827 της
272 738 402 827 Λῦγρας
425 737 504 844 ἄχρι
527 748 584 826 της
608 737 788 828 ἁγιωτάτης
811 741 987 830 ἐπισκοπῆς
1008 742 1164 830 Ααρῦμοο
1185 751 1243 818 καί
1266 747 1325 834 λη·

68 881 107 940 γει
131 859 207 948 ἄχρι
234 871 291 951 της
317 863 431 952 λίμνης
458 867 524 928 καί
541 865 677 950 πλησίον
704 873 761 952 τῆς
788 865 899 952 Δρίνου
927 870 985 932 καί
1010 869 1200 952 καταβαίνει
1229 874 1325 958 μίχρι

66 993 111 1050 τοῦ
130 983 262 1062 Ζυδίοο,
285 985 513 1074 περιλαμβάνει
537 985 661 1054 ίσιυδεν
685 991 724 1056 τδ
745 991 857 1076 μικρῦν
881 987 1065 1078 ῦπαμπελον
1088 995 1124 1057 τῦ
1148 991 1323 1080 λεγόμενον

67 1109 246 1176 δεσποτικὸν
273 1112 310 1176 τὸ
337 1113 554 1198 κατεχόμενον
583 1115 691 1200 πρώην
718 1117 805 1199 παρὰ
833 1121 888 1178 τοῦ
916 1113 1048 1180 Κδσποο
1076 1113 1133 1180 καὶ
1161 1113 1238 1182 αῦτιλ
1266 1127 1323 1205 τῆς

67 1242 151 1320 μινης
174 1231 211 1299 δν
235 1239 292 1299 καί
315 1234 393 1322 ἔχον
417 1232 449 1300 δν
474 1229 559 1324 αδτῷ
582 1233 694 1310 λλσίας
717 1231 807 1322 ῥίζας
835 1237 887 1302 τοἿ
912 1241 1046 1314 καδίξει
1069 1243 1172 1306 τοίνυν
1194 1238 1215 1328 ἡ
1240 1243 1320 1328 μονή

67 1361 94 1422 τῦ
112 1367 255 1426 τοιοῦτον
276 1361 467 1445 προάστειον
492 1357 554 1425 δπό
578 1368 633 1424 τοῦ
656 1367 709 1426 νῦν
733 1364 790 1426 καί
816 1360 861 1435 είς
889 1365 924 1427 τῦ
949 1360 1021 1450 ίὲης
1045 1361 1254 1439 ἀδιασείστιυς
1279 1366 1321 1454 μη
1382 1375 1387 1388 “

67 1485 138 1568 παρα
163 1501 251 1556 τινος
278 1479 504 1571 ἐνοχλουμένη·
533 1483 587 1548 διὰ
622 1487 683 1570 γὰρ
711 1493 804 1549 τοῦτο
828 1489 885 1550 καί
913 1487 948 1550 τῦ
975 1489 1076 1573 παρὸν
1104 1488 1260 1569 σιγίλλιον
1282 1501 1322 1578 τῇ

67 1607 217 1694 ἁντιληφει
240 1610 298 1672 καί
320 1605 409 1695 χαρᾷ
430 1614 486 1672 τοῦ
513 1615 668 1694 κραταιοῦ
692 1611 748 1672 καί
771 1605 866 1688 ἁγίου
888 1605 978 1696 ἡμῶν
1002 1607 1160 1677 αδδίντοο
1182 1615 1240 1678 καί
1262 1613 1324 1698 βα·

68 1729 165 1805 σίλλος
186 1733 351 1796 πισταδλν
373 1731 518 1820 δπεδδδη
542 1727 649 1804 αὐτοῖς
673 1730 719 1806 εὶς
744 1729 934 1820 ἀσφάλειαν.
959 1737 1067 1821 μηνί
1090 1731 1323 1824 ἀπριλλίιρ

66 1851 132 1920 ίνδ.
167 1853 194 1939 β’
221 1853 359 1928 ἔτους
390 1855 529 1942 ,ςχλεὶ
558 1851 579 1942 ἡ
605 1850 787 1944 ὑπογραφὴ·
814 1855 1053 1941 Σεβαστὸς
1085 1857 1277 1948 Μιχαὴλ
1304 1859 1322 1928 ὁ

23 1949 24 1998 3
67 1975 205 2065 Βηρδς.
244 1977 312 2066 εἶχε
347 1979 383 2044 δὲ
418 1951 488 2044 καί
509 1979 648 2064 βοῦλλαν
683 1979 867 2067 μολιβδίνην
898 1976 1132 2070 ἀπηοιρημίνην
1167 1985 1318 2050 κῦττεδεν

23 2157 24 2216 χ
68 2099 191 2188 ίχοοσαν
219 2097 267 2168 λα’
297 2100 489 2192 ἀμφστίροις
523 2113 587 2178 τοῖς
615 2107 724 2190 μίρτσι
752 2107 938 2190 γράμματα·
972 2103 1107 2192 Μιχαὴλ
1137 2111 1323 2196 σφράγισμα

68 2233 112 2290 τοῦ
133 2228 302 2310 σεβαστοῦ.

23 2361 25 2454 η
139 2347 295 2427 Ὗπίδειξε
329 2351 365 2414 δὲ
392 2347 466 2438 ἡμίν
495 2348 680 2438 λκδοτηριον
713 2355 846 2438 χαρτίον
881 2355 1013 2432 γεγονὸς
1040 2357 1128 2438 παρὰ
1162 2363 1217 2420 τοῦ
1251 2359 1322 2422 τότε

23 2455 24 2480 ’
68 2467 322 2560 ἡγουμενεῦοντος
349 2471 382 2539 ίν
409 2485 449 2562 τῇ
473 2473 624 2562 είρημίνη
648 2485 741 2562 μονῇ,
764 2483 862 2560 κυροῦ
886 2473 1044 2558 Ἰωάννου,
1073 2477 1192 2566 δηλοῦν
1220 2479 1323 2546 τελεί-

70 2595 135 2663 σῦαι
157 2597 295 2686 ἐτησίοις
317 2601 412 2686 χάριν
435 2607 490 2664 τοῦ
514 2597 679 2684 είρημίνον
702 2601 893 2684 προαστείου
914 2602 1002 2687 παρὰ
1026 2607 1081 2665 τοῦ
1104 2607 1219 2688 μίμους
1240 2623 1324 2670 παν-

23 2679 25 2756 λ
69 2723 111 2794 τίς
123 2729 177 2787 τοῦ
198 2721 410 2809 Καραντηνοῦ
427 2719 669 2809 ἀνεγκρατητιος
691 2723 768 2807 πρὸς
791 2722 847 2810 την
870 2723 1074 2810 δηλωδεισαν
1091 2727 1190 2812 μονήν
1213 2723 1324 2794 λλαίου

23 2849 25 2936 ξ
70 2841 152 2931 μίτρα
174 2844 239 2924 κδ’,
261 2843 301 2933 ἠν
323 2845 360 2910 δὲ
383 2848 441 2910 καί
463 2841 636 2933 ὑπόμνησις
662 2849 732 2930 περί
760 2847 872 2912 τοῦτου
896 2858 956 2912 τῶν
980 2857 1130 2934 μοναχῦν
1153 2852 1211 2914 καί
1232 2849 1324 2926 λῦσις

70 2976 112 3053 τῆς
143 2965 367 3057 ὑπομνήσεως,
390 2965 430 3033 δι’
459 2965 501 3034 ὧν
528 2967 732 3054 καὶμᾶλλον
758 2967 969 3056 ἰσχυροτέραν
997 2971 1053 3057 την
1081 2972 1152 3054 βίαν
1183 2967 1321 3060 ὁπίδετο

69 3096 113 3155 καί
136 3097 172 3158 τῦ
196 3091 441 3180 [τε]τσπιεμίνον
465 3091 577 3158 ίκτυτε
600 3101 640 3178 τῇ
664 3103 746 3180 μονῇ
770 3091 888 3159 ίλαιον.
914 3089 1085 3179 ιίπεκράτει
1111 3095 1148 3160 δί
1172 3099 1229 3161 καί
1252 3093 1322 3184 ἅμα

23 3233 26 3338 η
70 3225 182 3290 γονικοῦ
198 3263 311 3283 .....
334 3237 371 3292 σς
392 3220 450 3282 καί
472 3211 592 3282 οἰκείου
608 3264 720 3282 .....
749 3235 826 3289 ατος
850 3216 883 3282 λν
907 3218 950 3304 τῷ
969 3219 1136 3306 πρακτικῷ
1157 3227 1214 3306 τῆς
1238 3216 1320 3286 ἀπο-

23 3341 24 3358 ’
70 3351 176 3428 γραφης
198 3348 255 3406 τοῦ
277 3341 500 3426 πανσεβάστοο
523 3340 640 3414 δουκῦς
667 3336 875 3428 ἀναγραφίοις
899 3347 953 3405 τοῦ
976 3343 1120 3426 δίματος
1142 3339 1320 3432 Μολάσσης

71 3467 114 3528 καί
133 3463 363 3543 Μελανυυδίυυ,
386 3471 484 3551 κυροῦ
505 3461 678 3530 Βασιλείυυ
702 3463 771 3546 [τοῦ
794 3461 1001 3552 Βα]τῦε[ζη],
1030 3475 1095 3539 τοίς
1120 3463 1217 3532 αὐτοῦ
1240 3489 1320 3553 προ-

23 3613 25 3720 η
71 3589 135 3652 σεδί
150 3637 260 3654 .....
296 3609 365 3654 ασω
393 3586 597 3675 οίκειοστίχιρ
624 3589 681 3654 καί
708 3595 772 3661 τοῖς
798 3591 1057 3674 προεγκειμίνοις
1085 3588 1118 3655 ἐν
1146 3587 1231 3679 αὐτῷ
1254 3596 1322 3658 στί-

23 3727 25 3796 γ
70 3731 127 3794 χοις
152 3733 274 3779 π....
307 3713 394 3778 νῦσιν
411 3759 419 3777 .
436 3759 445 3777 .
462 3761 497 3779 ..
536 3715 610 3798 παρ’
636 3707 725 3798 ἡμῶν
753 3713 793 3776 τὰ
827 3713 898 3796 περί
925 3707 1023 3777 αὐτοῦ
1050 3714 1319 3802 πεπυλοπραγμί-

72 3855 153 3920 ιηται,
177 3839 233 3902 καί
262 3835 383 3924 σχολην
410 3839 638 3922 περιεποίησαν
673 3831 723 3900 ίπί
745 3845 784 3922 τῇ
808 3832 990 3923 ίπιτηρησει
1018 3845 1078 3901 τῶν
1106 3834 1319 3925 ἐμφανισῦίν-

23 3959 24 4032 5
71 3979 117 4023 ταν
145 3959 295 4050 χαρτῷσν
322 3960 549 4046 δικαιωμάτων
575 3957 648 4045 ἡμῖν
676 3961 733 4024 καί
759 3955 810 4024 ἐπί
837 3967 876 4045 τη
905 3955 1097 4046 ἆνεροτησει
1125 3969 1182 4047 της
1206 3943 1318 4028 αἰδίκυο
1402 4015 1404 4022 .

23 4099 25 4106 “
73 4091 115 4146 τοῦ
139 4083 304 4172 είρημίνου
337 4087 503 4171 κτήματος
532 4081 680 4170 ἁρπαγῆς
705 4085 887 4169 περιίδοτο,
917 4084 1036 4147 καὶτὰ
1064 4085 1120 4169 μὲν
1144 4088 1319 4172 φαινόμενα

23 4225 24 4278 5
73 4202 255 4294 δικαιώματα
281 4209 478 4296 παρίπειθον
499 4203 585 4296 ἡμας
611 4210 669 4272 καί
692 4209 789 4294 χωρίς
812 4203 995 4292 ίριετησειις
1018 4201 1212 4274 ἀπεντεῦθεν
1236 4207 1319 4276 ἀπυ-

23 4335 24 4360 ³
73 4341 255 4421 καταστῆσαι
282 4341 322 4419 τη
356 4329 507 4420 ελρημίνη
536 4328 613 4417 ἁγία
641 4340 723 4418 μονῇ
751 4327 796 4403 εἰς
823 4329 859 4396 τῦ
886 4329 946 4412 πρὸ
970 4329 1093 4414 χρόνον
1121 4325 1180 4396 οῦκ
1204 4329 1319 4416 δλίγειν

23 4489 24 4548 φ
76 4447 230 4540 ιἰφαιρεδίν
254 4455 308 4522 ἀπ’
332 4451 431 4542 αδιης
453 4453 583 4522 δλαῑκὸν
605 4457 797 4540 προάστειον
819 4454 905 4518 κατὰ
928 4453 1024 4536 νόμον
1047 4453 1111 4518 τῦν·
1136 4451 1241 4544 οὐδεὶς
1264 4457 1319 4524 δε-

23 4575 25 4656 5
76 4578 166 4651 υτίζει
190 4589 250 4644 τῶν
279 4577 467 4666 ἀλλοτρίων,
494 4577 556 4646 κᾶν
583 4583 640 4647 καί
663 4575 696 4644 ίν
718 4589 782 4652 τοῖς
809 4577 1020 4664 δημοσιακοῐς
1043 4587 1230 4662 πρακτικοῖς
1253 4585 1323 4648 κιδ-

23 4693 24 4716 ’
75 4695 136 4773 διὶιν
166 4699 418 4791 ἀναγράφωνται.
447 4701 495 4770 δτι
522 4705 558 4770 δὲ
584 4701 607 4792 ἡ
631 4702 801 4791 ἀπογραφὴ
829 4709 884 4766 τοῦ
911 4697 1062 4786 Βατοίτίη
1096 4703 1215 4790 κλῆρόν
1252 4731 1319 4774 τινα
