3140 5284
274 247 336 312 168

359 435 637 525 ’γὉιύτελης
661 436 818 524 ἱερεύς
841 437 1082 511 Νικόλαος
1106 434 1123 502 ό
1147 437 1419 524 Χαλιναροῖς
1443 459 1547 524 παρ-

271 564 326 628 όν
350 563 424 628 ύπί
453 573 505 650 τη
530 562 744 648 παρούσῃ
772 564 942 647 πράσει
970 573 1211 648 μαρτυρῶν
1240 559 1486 648 όπὲγραψα
1515 567 1544 642 †.

358 702 442 784 †‘0
470 707 762 790 δομίστικος
789 713 868 790 τῆς
903 699 1173 789 ἁγιωτάτης
1207 703 1544 790 μητροπόλεως

272 829 495 915 Σμύρνης,
524 827 739 914 Ἰωάννης
767 824 784 891 ὁ
811 825 1105 913 Κουνάλλης,
1133 838 1184 914 τῇ
1211 829 1412 913 παρούσῃ
1442 829 1544 911 προί-

272 946 1130 1038 σειμαρτυρωνκαίγράφαςύπόγραψ
1189 955 1218 1030 †.

469 1197 634 1264 LIIXIIVI.
652 1197 883 1278 ‹ml-1263,
900 1217 1009 1264 mense
1025 1204 1170 1283 augusto,
1186 1195 1252 1262 ind.
1269 1195 1349 1263 VIII.

427 1333 440 1350 '
458 1343 598 1400 Νίεοίσωι
615 1343 739 1400 oratam
755 1357 781 1401 et
792 1347 872 1418 filius
888 1349 1060 1402 πιοιιαεῖιτίο
1076 1363 1206 1417 campum
1221 1346 1355 1402 υσιιιίιιιιί.

359 1495 459 1578 ῒΤύ
482 1501 741 1585 πρατήριον
770 1497 1006 1588 ἔγγραφον
1035 1506 1111 1564 τού
1139 1481 1379 1584 ΙΚρητικοῦ
1406 1495 1543 1563 Νικο-

272 1621 386 1686 λάου
416 1624 495 1686 καί
523 1629 601 1694 τού
630 1620 731 1686 υἱοῖν
756 1618 897 1687 αύτού
926 1625 1065 1709 χάριν
1089 1629 1165 1686 τὀιῖ
1195 1625 1439 1710 χωραφίου
1464 1631 1542 1707 τῆς

271 1743 590 1833 Τραχτινηςῒ.

360 1885 457 1968 Σίγνα
480 1884 644 1954 Νικολάου
668 1895 722 1951 τοῦ
747 1885 909 1974 Κρητικοῦ
932 1891 989 1954 καί
1011 1885 1156 1954 Ἰωάννου
1179 1896 1234 1952 τού
1259 1885 1327 1952 υἱού
1352 1883 1461 1951 αὐτοῦ.

358 2027 453 2109 ’γἘν
484 2026 626 2114 ύνόματι.
661 2050 692 2094 κ.
721 2051 747 2096 τ.
777 2031 805 2096 λ.
834 2028 999 2104 Νικόλαος
1027 2027 1043 2093 ό
1072 2029 1233 2116 Κρητικός
1262 2030 1317 2096 σύν
1347 2029 1389 2115 τῷ
1420 2034 1542 2115 γνησίῳ

270 2148 366 2220 αὐτοῦ
391 2150 469 2237 υἱῷ.
487 2201 520 2216 ..
551 2152 606 2238 τήν
633 2161 873 2240 παροῦσαν...
903 2165 1094 2238 πρᾶσιν...
1123 2161 1350 2239 ποιοῦμεν...
1380 2155 1460 2238 πρός
1490 2154 1544 2238 τὴν

268 2277 446 2362 σεβασμίαν
474 2279 531 2339 καί
558 2272 653 2356 ἁγίαν
682 2277 849 2362 βασιλικὴν
879 2278 975 2362 μονὴν
1005 2287 1064 2342 τοῖν
1095 2275 1230 2363 Λόμβων
1259 2297 1289 2342 κ.
1320 2299 1346 2342 τ.
1371 2277 1400 2340 λ.
1425 2277 1542 2347 καθὼς

269 2403 304 2464 τό
333 2395 411 2488 ύφος
439 2399 619 2488 δηλώσειεν.
650 2404 706 2464 καί
734 2403 794 2486 γὰρ
822 2403 1006 2488 φαινόμεθα
1032 2398 1123 2488 ἡμεῖς
1152 2399 1181 2464 οἱ
1213 2403 1538 2486 προτεταγμένοι...

270 2521 526 2608 ἅπεμπολυιῖντες
546 2525 580 2586 τό
606 2521 668 2588 αἰπύ
696 2532 826 2610 γυνικῆς
853 2519 941 2609 ἡμῶν
970 2524 1093 2610 κλήροις
1120 2529 1298 2612 χωρυίφιυν,
1324 2525 1359 2588 τὸ
1388 2521 1537 2601 ἐπιλεγό-

271 2665 364 2734 μενον
387 2642 407 2731 ἡ
431 2645 601 2733 Τραχεινη,
626 2651 811 2732 στρόμματα
834 2647 924 2725 δέκα,
953 2651 992 2711 τὰ
1016 2652 1072 2734 μὲν
1096 2645 1179 2712 όκτό
1208 2647 1253 2720 τίς
1282 2643 1443 2732 όπὲρπυρα
1472 2647 1536 2720 δύο,

270 2774 310 2839 τὰ
328 2771 368 2846 ,δὲ
396 2767 490 2856 ἕτερα
512 2769 569 2834 δύο
594 2775 776 2858 στρόμματα
800 2782 945 2857 προεῖχεν
975 2765 1056 2836 αὐτὰ
1078 2768 1098 2858 ἡ
1123 2774 1253 2856 τοιαύτη
1282 2768 1360 2850 ἁγία
1383 2771 1535 2854 βασιλικὴ

271 2894 351 2985 μονὴ
375 2891 418 2968 ὡς
437 2895 626 2980 προσόνεξιν,
650 2890 726 2980 ύπὲρ
750 2891 791 2958 ὧν
817 2892 1013 2980 ἀνελάβομεν
1038 2893 1082 2967 εὶς
1107 2892 1270 2980 ἀντίχαριν
1295 2896 1468 2980 μοχθηρόν
1493 2895 1534 2968 ἓν,

269 3023 328 3087 καί
342 3017 473 3106 όφείλειι
487 3016 658 3100 ἀναλαβεῖν
675 3020 709 3082 τό
733 3026 874 3082 τοιοῦτον
891 3021 1063 3105 χωροίφιον,
1088 3019 1122 3093 ἐξ
1145 3015 1213 3083 οἵου
1238 3024 1352 3104 μόρους
1375 3022 1433 3081 καί
1458 3019 1534 3101 βού-

269 3143 368 3238 λεται,
381 3140 461 3220 ,εἴτε
479 3139 541 3208 ἀπό
561 3142 762 3219 ἀνατολικού,
787 3141 847 3209 εἴτε
872 3140 933 3206 ἀπό
951 3143 1088 3218 δυτικού,
1113 3139 1155 3214 ύις
1170 3143 1323 3224 λαβόντες
1346 3144 1535 3206 τὰτοιαῦτα

266 3261 435 3351 ύπόρπυραΙ
458 3262 519 3330 ἀπό
548 3275 607 3330 τῶν
635 3275 750 3350 χειρῶν
778 3263 863 3352 ὑμῶν
881 3314 990 3334 .....
1021 3265 1215 3352 ἐποιήσαμεν
1237 3268 1316 3350 πρὸς
1339 3267 1456 3350 ταύτην
1480 3267 1533 3348 τὴν

269 3399 431 3474 παροῦσαν
455 3399 569 3473 πρᾶσιν
597 3385 694 3476 ἡμῖν.
710 3393 779 3468 ,καί
796 3389 868 3456 αἰπύ
897 3398 951 3454 τού
979 3399 1030 3456 νύν
1060 3387 1180 3477 ὀφείλει
1208 3393 1359 3476 κατέχειν
1380 3386 1400 3476 ἡ
1425 3389 1532 3476 δηλω-

269 3515 366 3578 θεῖσα
389 3513 551 3598 σεβασμία
572 3514 650 3598 μυνῂ
675 3515 710 3578 τύ
735 3521 875 3578 τοιοῦτον
899 3516 1061 3601 χωράφιον
1084 3535 1115 3578 κ.
1131 3537 1158 3580 τ.
1183 3515 1211 3580 λ.
1236 3513 1321 3600 είπερ
1344 3515 1379 3578 δὲ
1405 3518 1534 3598 γένηται

1413 3635 1427 3656 Ἀ

269 3642 325 3704 καί
352 3640 438 3722 παρά
464 3656 548 3710 τινος
576 3641 701 3721 κίνησις
727 3635 809 3702 ἰδίου
837 3633 969 3724 ἡμωνῆ
998 3646 1167 3716 συγγενοῦς
1196 3636 1215 3724 ἢ
1240 3635 1380 3725 ἀδελφοῦ
1408 3660 1429 3723 η
1453 3639 1532 3722 πλη-

269 3887 384 3971 ταύτην
409 3881 471 3950 ἀπὸ
494 3886 610 3957 παντὸς
634 3881 854 3972 ἀναφυομένου
876 3889 1043 3969 προσώπου
1068 3884 1203 3972 ἀζήμιον
1227 3890 1285 3950 καί
1308 3885 1530 3972 ἀνενόχλητον·

269 4008 299 4076 εἰ
326 4009 362 4074 δὲ
390 4005 481 4076 αύτυί
508 4004 599 4096 ἡμεῖς
627 4009 837 4094 βουληθῶμεν
860 4006 881 4094 ἥ
905 4031 951 4083 τις
974 4019 1034 4074 τῶν
1057 4010 1263 4096 κληρονόμων
1291 4009 1348 4074 καὶ
1370 4011 1530 4096 διαδόχων

266 4129 355 4220 ἡμῶν
371 4181 635 4199 ...........
660 4133 745 4216 λόγῳ
767 4137 941 4216 προστίμου
964 4128 1206 4218 ύποκεισόμεθα
1231 4130 1392 4220 ύπόρπυρα
1416 4157 1530 4200 τεσσα-

268 4259 406 4342 ράκοντα
429 4259 485 4320 καί
508 4257 544 4320 τό
568 4257 683 4320 τούτων
708 4260 809 4340 τρίτον
833 4254 955 4336 εὶςῇτύν
979 4257 1134 4341 δημόσιον
1153 4278 1187 4338 Ικ.
1205 4281 1239 4322 τ.
1263 4259 1292 4322 λ.
1317 4256 1449 4322 ἐντόπιον
1473 4269 1529 4322 τῶν

268 4377 533 4466 όπογραψομόνων
568 4383 623 4442 καί
657 4384 996 4468 σιγνογραφησομόνων
1035 4382 1196 4466 μαρτύρων
1230 4384 1389 4448 κάτωθεν.
1426 4384 1530 4467 μηνί

268 4499 613 4588 αύγυύστιρίνδ.
641 4500 670 4588 η’
696 4503 1136 4588 τού,ςψοα’ἔτουςγ.

355 4641 440 4722 †‘0
466 4643 635 4714 δυύλυς
663 4651 739 4706 τοῦ
767 4643 903 4723 ἁγίου
932 4655 1014 4728 μού
1039 4641 1272 4712 αύθέντυυ
1301 4655 1376 4714 τού
1398 4669 1527 4712 πανυ-
