<?xml version="1.0" encoding="UTF-8"?>
<!DOCTYPE html PUBLIC "-//W3C//DTD XHTML 1.0 Transitional//EN"
    "http://www.w3.org/TR/xhtml1/DTD/xhtml1-transitional.dtd">
<html xmlns="http://www.w3.org/1999/xhtml" xml:lang="en" lang="en">
 <head>
  <title>
</title>
<meta http-equiv="Content-Type" content="text/html;charset=utf-8" />
  <meta name='ocr-system' content='tesseract 3.04.00' />
  <meta name='ocr-capabilities' content='ocr_page ocr_carea ocr_par ocr_line ocrx_word'/>
</head>
<body>
  <div class='ocr_page' id='page_1' title='image "./actaetdiplomata04miklgoog_0289.png"; bbox 0 0 3140 5306; ppageno 0'>
   <div class='ocr_carea' id='block_1_1' title="bbox 232 175 297 238">
    <p class='ocr_par' dir='ltr' id='par_1_1' title="bbox 232 175 297 238">
     <span class='ocr_line' id='line_1_1' title="bbox 232 175 297 238; baseline -0.031 0"><span class='ocrx_word' id='word_1_1' title='bbox 232 175 297 238; x_wconf 76' lang='lat'>216</span> 
     </span>
    </p>
   </div>
   <div class='ocr_carea' id='block_1_2' title="bbox 161 362 1539 3050">
    <p class='ocr_par' dir='ltr' id='par_1_2' title="bbox 230 362 1539 824">
     <span class='ocr_line' id='line_1_2' title="bbox 316 362 1539 456; baseline -0.007 -22"><span class='ocrx_word' id='word_1_2' title='bbox 316 363 467 448; x_wconf 64' lang='grc' dir='ltr'>’[Οὶκείε</span> <span class='ocrx_word' id='word_1_3' title='bbox 494 375 534 453; x_wconf 73' lang='grc' dir='ltr'>τῇ</span> <span class='ocrx_word' id='word_1_4' title='bbox 563 364 713 450; x_wconf 78' lang='grc' dir='ltr'>βασιλεία</span> <span class='ocrx_word' id='word_1_5' title='bbox 746 385 822 452; x_wconf 80' lang='grc' dir='ltr'>μου,</span> <span class='ocrx_word' id='word_1_6' title='bbox 856 370 948 450; x_wconf 81' lang='grc' dir='ltr'>κόρυς</span> <span class='ocrx_word' id='word_1_7' title='bbox 975 362 1134 456; x_wconf 61' lang='grc' dir='ltr'>,Μανυυηλ</span> <span class='ocrx_word' id='word_1_8' title='bbox 1166 363 1440 452; x_wconf 73' lang='grc' dir='ltr'>Καντακουζηνὲ.</span> <span class='ocrx_word' id='word_1_9' title='bbox 1490 365 1539 426; x_wconf 65' lang='grc' dir='ltr'>τόι</span> 
     </span>
     <span class='ocr_line' id='line_1_3' title="bbox 230 485 1539 578; baseline -0.005 -23"><span class='ocrx_word' id='word_1_10' title='bbox 230 494 328 578; x_wconf 87' lang='grc' dir='ltr'>μέρος</span> <span class='ocrx_word' id='word_1_11' title='bbox 355 497 412 577; x_wconf 80' lang='grc' dir='ltr'>τῆς</span> <span class='ocrx_word' id='word_1_12' title='bbox 434 489 612 574; x_wconf 86' lang='grc' dir='ltr'>σεβασμίας</span> <span class='ocrx_word' id='word_1_13' title='bbox 636 497 736 576; x_wconf 78' lang='grc' dir='ltr'>μονῆς</span> <span class='ocrx_word' id='word_1_14' title='bbox 759 495 816 575; x_wconf 82' lang='grc' dir='ltr'>της</span> <span class='ocrx_word' id='word_1_15' title='bbox 844 487 1009 572; x_wconf 73' lang='grc' dir='ltr'>βασιλείας</span> <span class='ocrx_word' id='word_1_16' title='bbox 1037 509 1098 575; x_wconf 91' lang='grc' dir='ltr'>μου</span> <span class='ocrx_word' id='word_1_17' title='bbox 1121 497 1182 554; x_wconf 78' lang='grc' dir='ltr'>τῶν</span> <span class='ocrx_word' id='word_1_18' title='bbox 1204 487 1340 574; x_wconf 88' lang='grc' dir='ltr'>Λέμβιιν</span> <span class='ocrx_word' id='word_1_19' title='bbox 1364 485 1539 574; x_wconf 73' lang='grc' dir='ltr'>ἀνέφερε,</span> 
     </span>
     <span class='ocr_line' id='line_1_4' title="bbox 231 608 1531 701; baseline -0.003 -23"><span class='ocrx_word' id='word_1_20' title='bbox 231 624 271 701; x_wconf 73' lang='grc' dir='ltr'>τη</span> <span class='ocrx_word' id='word_1_21' title='bbox 295 613 445 698; x_wconf 78' lang='grc' dir='ltr'>βασιλεία</span> <span class='ocrx_word' id='word_1_22' title='bbox 472 633 546 699; x_wconf 82' lang='grc' dir='ltr'>μου,</span> <span class='ocrx_word' id='word_1_23' title='bbox 581 608 630 676; x_wconf 90' lang='grc' dir='ltr'>ότι</span> <span class='ocrx_word' id='word_1_24' title='bbox 664 611 700 676; x_wconf 86' lang='grc' dir='ltr'>τό</span> <span class='ocrx_word' id='word_1_25' title='bbox 724 615 820 698; x_wconf 86' lang='grc' dir='ltr'>μέρος</span> <span class='ocrx_word' id='word_1_26' title='bbox 854 619 910 677; x_wconf 88' lang='grc' dir='ltr'>τοό</span> <span class='ocrx_word' id='word_1_27' title='bbox 945 609 1140 698; x_wconf 74' lang='grc' dir='ltr'>Τίιρίόυνος</span> <span class='ocrx_word' id='word_1_28' title='bbox 1164 608 1287 676; x_wconf 69' lang='grc' dir='ltr'>ἐκείνου</span> <span class='ocrx_word' id='word_1_29' title='bbox 1314 611 1531 678; x_wconf 76' lang='grc' dir='ltr'>δυναστεύει</span> 
     </span>
     <span class='ocr_line' id='line_1_5' title="bbox 231 731 1539 824; baseline -0.005 -21"><span class='ocrx_word' id='word_1_30' title='bbox 231 745 324 803; x_wconf 84' lang='grc' dir='ltr'>τυότυ</span> <span class='ocrx_word' id='word_1_31' title='bbox 352 736 398 810; x_wconf 87' lang='grc' dir='ltr'>τίς</span> <span class='ocrx_word' id='word_1_32' title='bbox 424 738 477 802; x_wconf 88' lang='grc' dir='ltr'>τόν</span> <span class='ocrx_word' id='word_1_33' title='bbox 505 739 600 802; x_wconf 80' lang='grc' dir='ltr'>τόπον</span> <span class='ocrx_word' id='word_1_34' title='bbox 628 737 681 801; x_wconf 87' lang='grc' dir='ltr'>τόν</span> <span class='ocrx_word' id='word_1_35' title='bbox 709 732 933 822; x_wconf 68' lang='grc' dir='ltr'>ἐπιλεγόμενον</span> <span class='ocrx_word' id='word_1_36' title='bbox 960 739 1001 800; x_wconf 88' lang='grc' dir='ltr'>τόι</span> <span class='ocrx_word' id='word_1_37' title='bbox 1023 734 1134 824; x_wconf 82' lang='grc' dir='ltr'>Μηλα,</span> <span class='ocrx_word' id='word_1_38' title='bbox 1160 734 1205 810; x_wconf 87' lang='grc' dir='ltr'>είς</span> <span class='ocrx_word' id='word_1_39' title='bbox 1233 736 1267 802; x_wconf 85' lang='grc' dir='ltr'>όν</span> <span class='ocrx_word' id='word_1_40' title='bbox 1291 731 1328 800; x_wconf 87' lang='grc' dir='ltr'>οό</span> <span class='ocrx_word' id='word_1_41' title='bbox 1352 745 1539 821; x_wconf 78' lang='grc' dir='ltr'>μετεῖχεν</span> 
     </span>
    </p>

    <p class='ocr_par' dir='ltr' id='par_1_3' title="bbox 161 855 1539 2680">
     <span class='ocr_line' id='line_1_6' title="bbox 161 855 1527 946; baseline -0.004 -19"><span class='ocrx_word' id='word_1_42' title='bbox 161 889 170 917; x_wconf 74' lang='grc' dir='ltr'>ι</span> <span class='ocrx_word' id='word_1_43' title='bbox 232 858 304 927; x_wconf 83' lang='grc' dir='ltr'>τότε</span> <span class='ocrx_word' id='word_1_44' title='bbox 328 855 492 934; x_wconf 80' lang='grc' dir='ltr'>όΔοόκας</span> <span class='ocrx_word' id='word_1_45' title='bbox 508 855 638 939; x_wconf 70' lang='grc' dir='ltr'>ἐκεῖνος,</span> <span class='ocrx_word' id='word_1_46' title='bbox 661 867 749 946; x_wconf 87' lang='grc' dir='ltr'>κόρις</span> <span class='ocrx_word' id='word_1_47' title='bbox 766 859 942 944; x_wconf 78' lang='grc' dir='ltr'>Θεόδωρος,</span> <span class='ocrx_word' id='word_1_48' title='bbox 967 857 1003 933; x_wconf 82' lang='grc' dir='ltr'>ὃς</span> <span class='ocrx_word' id='word_1_49' title='bbox 1024 871 1171 946; x_wconf 79' lang='grc' dir='ltr'>προεῖχεν</span> <span class='ocrx_word' id='word_1_50' title='bbox 1195 859 1213 924; x_wconf 83' lang='grc' dir='ltr'>δ</span> <span class='ocrx_word' id='word_1_51' title='bbox 1237 859 1307 946; x_wconf 72' lang='grc' dir='ltr'>ἔχει</span> <span class='ocrx_word' id='word_1_52' title='bbox 1329 867 1457 945; x_wconf 76' lang='grc' dir='ltr'>κτῆμα</span> <span class='ocrx_word' id='word_1_53' title='bbox 1485 861 1527 922; x_wconf 82' lang='grc' dir='ltr'>τό</span> 
     </span>
     <span class='ocr_line' id='line_1_7' title="bbox 232 977 1539 1072; baseline -0.002 -23"><span class='ocrx_word' id='word_1_54' title='bbox 232 989 328 1072; x_wconf 81' lang='grc' dir='ltr'>μέρος</span> <span class='ocrx_word' id='word_1_55' title='bbox 348 993 404 1050; x_wconf 80' lang='grc' dir='ltr'>τοῦ</span> <span class='ocrx_word' id='word_1_56' title='bbox 427 981 633 1070; x_wconf 73' lang='grc' dir='ltr'>Τζιρίδυινος,</span> <span class='ocrx_word' id='word_1_57' title='bbox 657 981 729 1048; x_wconf 83' lang='grc' dir='ltr'>τότε</span> <span class='ocrx_word' id='word_1_58' title='bbox 745 979 776 1048; x_wconf 87' lang='grc' dir='ltr'>οἱ</span> <span class='ocrx_word' id='word_1_59' title='bbox 797 984 856 1070; x_wconf 86' lang='grc' dir='ltr'>πρό</span> <span class='ocrx_word' id='word_1_60' title='bbox 881 977 987 1049; x_wconf 80' lang='grc' dir='ltr'>αότοδ.</span> <span class='ocrx_word' id='word_1_61' title='bbox 1005 980 1201 1070; x_wconf 80' lang='grc' dir='ltr'>ἀπέρχονται</span> <span class='ocrx_word' id='word_1_62' title='bbox 1223 985 1284 1070; x_wconf 76' lang='grc' dir='ltr'>γὰρ</span> <span class='ocrx_word' id='word_1_63' title='bbox 1307 981 1338 1047; x_wconf 86' lang='grc' dir='ltr'>οἱ</span> <span class='ocrx_word' id='word_1_64' title='bbox 1360 990 1427 1048; x_wconf 84' lang='grc' dir='ltr'>τοῦ</span> <span class='ocrx_word' id='word_1_65' title='bbox 1457 985 1539 1068; x_wconf 47' lang='grc' dir='ltr'>μέω</span> 
     </span>
     <span class='ocr_line' id='line_1_8' title="bbox 232 1103 1539 1196; baseline -0.004 -23"><span class='ocrx_word' id='word_1_66' title='bbox 232 1129 306 1196; x_wconf 90' lang='grc' dir='ltr'>ρους</span> <span class='ocrx_word' id='word_1_67' title='bbox 332 1117 388 1174; x_wconf 78' lang='grc' dir='ltr'>τοῦ</span> <span class='ocrx_word' id='word_1_68' title='bbox 415 1106 613 1193; x_wconf 77' lang='grc' dir='ltr'>Τζιρίόιυνυς</span> <span class='ocrx_word' id='word_1_69' title='bbox 648 1104 692 1180; x_wconf 83' lang='grc' dir='ltr'>τίς</span> <span class='ocrx_word' id='word_1_70' title='bbox 719 1108 773 1172; x_wconf 93' lang='grc' dir='ltr'>τόν</span> <span class='ocrx_word' id='word_1_71' title='bbox 806 1114 949 1172; x_wconf 78' lang='grc' dir='ltr'>τοιοῦτον</span> <span class='ocrx_word' id='word_1_72' title='bbox 977 1109 1072 1172; x_wconf 89' lang='grc' dir='ltr'>τόπον</span> <span class='ocrx_word' id='word_1_73' title='bbox 1106 1114 1161 1172; x_wconf 80' lang='grc' dir='ltr'>τοί</span> <span class='ocrx_word' id='word_1_74' title='bbox 1190 1111 1424 1194; x_wconf 87' lang='grc' dir='ltr'>μοναστηρίου,</span> <span class='ocrx_word' id='word_1_75' title='bbox 1458 1103 1539 1172; x_wconf 71' lang='grc' dir='ltr'>καί</span> 
     </span>
     <span class='ocr_line' id='line_1_9' title="bbox 231 1229 1539 1321; baseline -0.005 -24"><span class='ocrx_word' id='word_1_76' title='bbox 231 1241 515 1321; x_wconf 70' lang='grc' dir='ltr'>καταφρονητικῶς</span> <span class='ocrx_word' id='word_1_77' title='bbox 542 1232 738 1316; x_wconf 76' lang='grc' dir='ltr'>διακείμενοι</span> <span class='ocrx_word' id='word_1_78' title='bbox 759 1233 838 1316; x_wconf 88' lang='grc' dir='ltr'>πρός</span> <span class='ocrx_word' id='word_1_79' title='bbox 860 1231 916 1318; x_wconf 79' lang='grc' dir='ltr'>την</span> <span class='ocrx_word' id='word_1_80' title='bbox 940 1231 1039 1318; x_wconf 84' lang='grc' dir='ltr'>μονήν</span> <span class='ocrx_word' id='word_1_81' title='bbox 1065 1239 1192 1296; x_wconf 78' lang='grc' dir='ltr'>ποιοῦσι</span> <span class='ocrx_word' id='word_1_82' title='bbox 1216 1235 1331 1318; x_wconf 75' lang='grc' dir='ltr'>ζημίας</span> <span class='ocrx_word' id='word_1_83' title='bbox 1358 1229 1410 1306; x_wconf 82' lang='grc' dir='ltr'>είς</span> <span class='ocrx_word' id='word_1_84' title='bbox 1437 1231 1539 1303; x_wconf 73' lang='grc' dir='ltr'>τούς,</span> 
     </span>
     <span class='ocr_line' id='line_1_10' title="bbox 236 1349 1525 1444; baseline -0.002 -23"><span class='ocrx_word' id='word_1_85' title='bbox 236 1357 445 1442; x_wconf 69' lang='grc' dir='ltr'>καθημένους</span> <span class='ocrx_word' id='word_1_86' title='bbox 468 1351 501 1419; x_wconf 77' lang='grc' dir='ltr'>έν</span> <span class='ocrx_word' id='word_1_87' title='bbox 521 1355 564 1442; x_wconf 76' lang='grc' dir='ltr'>τῷ</span> <span class='ocrx_word' id='word_1_88' title='bbox 586 1355 717 1441; x_wconf 79' lang='grc' dir='ltr'>τοιούτῳ</span> <span class='ocrx_word' id='word_1_89' title='bbox 737 1357 833 1440; x_wconf 82' lang='grc' dir='ltr'>τόπῳ,</span> <span class='ocrx_word' id='word_1_90' title='bbox 856 1358 913 1420; x_wconf 86' lang='grc' dir='ltr'>καί</span> <span class='ocrx_word' id='word_1_91' title='bbox 936 1349 973 1420; x_wconf 85' lang='grc' dir='ltr'>οδ</span> <span class='ocrx_word' id='word_1_92' title='bbox 997 1359 1195 1444; x_wconf 71' lang='grc' dir='ltr'>φροντίζουσι</span> <span class='ocrx_word' id='word_1_93' title='bbox 1217 1364 1273 1443; x_wconf 80' lang='grc' dir='ltr'>της</span> <span class='ocrx_word' id='word_1_94' title='bbox 1297 1365 1414 1444; x_wconf 78' lang='grc' dir='ltr'>μονῆς.</span> <span class='ocrx_word' id='word_1_95' title='bbox 1443 1355 1525 1419; x_wconf 86' lang='grc' dir='ltr'>διο-</span> 
     </span>
     <span class='ocr_line' id='line_1_11' title="bbox 235 1473 1522 1566; baseline -0.001 -23"><span class='ocrx_word' id='word_1_96' title='bbox 235 1481 355 1564; x_wconf 73' lang='grc' dir='ltr'>ρίζεταί</span> <span class='ocrx_word' id='word_1_97' title='bbox 378 1499 430 1542; x_wconf 90' lang='grc' dir='ltr'>σοι</span> <span class='ocrx_word' id='word_1_98' title='bbox 453 1485 528 1557; x_wconf 79' lang='grc' dir='ltr'>ηυόν</span> <span class='ocrx_word' id='word_1_99' title='bbox 551 1473 572 1565; x_wconf 78' lang='grc' dir='ltr'>ἡ</span> <span class='ocrx_word' id='word_1_100' title='bbox 596 1475 743 1561; x_wconf 83' lang='grc' dir='ltr'>βασιλεία</span> <span class='ocrx_word' id='word_1_101' title='bbox 759 1497 830 1563; x_wconf 88' lang='grc' dir='ltr'>μου,</span> <span class='ocrx_word' id='word_1_102' title='bbox 854 1473 898 1551; x_wconf 79' lang='grc' dir='ltr'>ὣς</span> <span class='ocrx_word' id='word_1_103' title='bbox 921 1473 959 1542; x_wconf 81' lang='grc' dir='ltr'>ἂν</span> <span class='ocrx_word' id='word_1_104' title='bbox 982 1479 1067 1542; x_wconf 80' lang='grc' dir='ltr'>κατὰ</span> <span class='ocrx_word' id='word_1_105' title='bbox 1090 1480 1184 1542; x_wconf 89' lang='grc' dir='ltr'>τόπον</span> <span class='ocrx_word' id='word_1_106' title='bbox 1209 1477 1340 1566; x_wconf 75' lang='grc' dir='ltr'>έπιστης</span> <span class='ocrx_word' id='word_1_107' title='bbox 1362 1481 1428 1542; x_wconf 82' lang='grc' dir='ltr'>καί</span> <span class='ocrx_word' id='word_1_108' title='bbox 1456 1500 1522 1564; x_wconf 92' lang='grc' dir='ltr'>τη-</span> 
     </span>
     <span class='ocr_line' id='line_1_12' title="bbox 234 1596 1523 1688; baseline -0.002 -22"><span class='ocrx_word' id='word_1_109' title='bbox 234 1603 337 1688; x_wconf 75' lang='grc' dir='ltr'>ρήσης</span> <span class='ocrx_word' id='word_1_110' title='bbox 359 1601 416 1687; x_wconf 75' lang='grc' dir='ltr'>την</span> <span class='ocrx_word' id='word_1_111' title='bbox 432 1602 581 1688; x_wconf 78' lang='grc' dir='ltr'>τοιαύτην</span> <span class='ocrx_word' id='word_1_112' title='bbox 604 1597 767 1683; x_wconf 77' lang='grc' dir='ltr'>όπόδεσιν,</span> <span class='ocrx_word' id='word_1_113' title='bbox 791 1603 848 1666; x_wconf 83' lang='grc' dir='ltr'>καί</span> <span class='ocrx_word' id='word_1_114' title='bbox 872 1599 959 1687; x_wconf 78' lang='grc' dir='ltr'>τόπερ</span> <span class='ocrx_word' id='word_1_115' title='bbox 983 1596 1141 1688; x_wconf 79' lang='grc' dir='ltr'>εόρῆσεις,</span> <span class='ocrx_word' id='word_1_116' title='bbox 1166 1597 1216 1666; x_wconf 83' lang='grc' dir='ltr'>ότι</span> <span class='ocrx_word' id='word_1_117' title='bbox 1238 1598 1255 1666; x_wconf 88' lang='grc' dir='ltr'>ό</span> <span class='ocrx_word' id='word_1_118' title='bbox 1279 1611 1433 1674; x_wconf 82' lang='grc' dir='ltr'>τοιοῦτος</span> <span class='ocrx_word' id='word_1_119' title='bbox 1458 1603 1523 1664; x_wconf 86' lang='grc' dir='ltr'>τό-</span> 
     </span>
     <span class='ocr_line' id='line_1_13' title="bbox 234 1721 1520 1812; baseline 0 -22"><span class='ocrx_word' id='word_1_120' title='bbox 234 1745 293 1798; x_wconf 87' lang='grc' dir='ltr'>πος</span> <span class='ocrx_word' id='word_1_121' title='bbox 316 1725 441 1792; x_wconf 85' lang='grc' dir='ltr'>δίκαιον</span> <span class='ocrx_word' id='word_1_122' title='bbox 465 1723 512 1790; x_wconf 79' lang='grc' dir='ltr'>όνι</span> <span class='ocrx_word' id='word_1_123' title='bbox 540 1733 597 1811; x_wconf 82' lang='grc' dir='ltr'>τῆς</span> <span class='ocrx_word' id='word_1_124' title='bbox 619 1733 718 1812; x_wconf 80' lang='grc' dir='ltr'>μονῆς</span> <span class='ocrx_word' id='word_1_125' title='bbox 741 1732 797 1810; x_wconf 81' lang='grc' dir='ltr'>τῆς</span> <span class='ocrx_word' id='word_1_126' title='bbox 821 1724 987 1810; x_wconf 75' lang='grc' dir='ltr'>βασιλείας</span> <span class='ocrx_word' id='word_1_127' title='bbox 1015 1746 1087 1811; x_wconf 89' lang='grc' dir='ltr'>μου,</span> <span class='ocrx_word' id='word_1_128' title='bbox 1114 1727 1171 1789; x_wconf 87' lang='grc' dir='ltr'>καί</span> <span class='ocrx_word' id='word_1_129' title='bbox 1193 1721 1314 1798; x_wconf 79' lang='grc' dir='ltr'>ἀδίκως</span> <span class='ocrx_word' id='word_1_130' title='bbox 1336 1744 1520 1811; x_wconf 85' lang='grc' dir='ltr'>καττπεμ-</span> 
     </span>
     <span class='ocr_line' id='line_1_14' title="bbox 236 1841 1516 1936; baseline -0.001 -23"><span class='ocrx_word' id='word_1_131' title='bbox 236 1851 339 1933; x_wconf 87' lang='grc' dir='ltr'>βαίνει</span> <span class='ocrx_word' id='word_1_132' title='bbox 362 1849 475 1913; x_wconf 91' lang='grc' dir='ltr'>τοότυυ</span> <span class='ocrx_word' id='word_1_133' title='bbox 498 1851 534 1913; x_wconf 90' lang='grc' dir='ltr'>τό</span> <span class='ocrx_word' id='word_1_134' title='bbox 563 1853 658 1935; x_wconf 83' lang='grc' dir='ltr'>μέρος</span> <span class='ocrx_word' id='word_1_135' title='bbox 684 1856 740 1913; x_wconf 81' lang='grc' dir='ltr'>τοῦ</span> <span class='ocrx_word' id='word_1_136' title='bbox 763 1845 966 1934; x_wconf 73' lang='grc' dir='ltr'>Τῑιρίδυνος,</span> <span class='ocrx_word' id='word_1_137' title='bbox 995 1851 1053 1913; x_wconf 88' lang='grc' dir='ltr'>καί</span> <span class='ocrx_word' id='word_1_138' title='bbox 1075 1841 1150 1912; x_wconf 80' lang='grc' dir='ltr'>οόδί</span> <span class='ocrx_word' id='word_1_139' title='bbox 1173 1843 1191 1912; x_wconf 86' lang='grc' dir='ltr'>ό</span> <span class='ocrx_word' id='word_1_140' title='bbox 1215 1847 1300 1936; x_wconf 74' lang='grc' dir='ltr'>ἔχων</span> <span class='ocrx_word' id='word_1_141' title='bbox 1323 1849 1358 1914; x_wconf 87' lang='grc' dir='ltr'>τό</span> <span class='ocrx_word' id='word_1_142' title='bbox 1382 1859 1516 1936; x_wconf 83' lang='grc' dir='ltr'>κτῆμα,</span> 
     </span>
     <span class='ocr_line' id='line_1_15' title="bbox 235 1969 1517 2060; baseline -0.001 -22"><span class='ocrx_word' id='word_1_143' title='bbox 235 1971 254 2038; x_wconf 87' lang='grc' dir='ltr'>ό</span> <span class='ocrx_word' id='word_1_144' title='bbox 283 1971 353 2060; x_wconf 72' lang='grc' dir='ltr'>ἔχει</span> <span class='ocrx_word' id='word_1_145' title='bbox 381 1974 416 2037; x_wconf 85' lang='grc' dir='ltr'>τό</span> <span class='ocrx_word' id='word_1_146' title='bbox 441 1976 537 2058; x_wconf 89' lang='grc' dir='ltr'>μέρος</span> <span class='ocrx_word' id='word_1_147' title='bbox 564 1981 620 2038; x_wconf 82' lang='grc' dir='ltr'>τοῦ</span> <span class='ocrx_word' id='word_1_148' title='bbox 644 1970 857 2059; x_wconf 78' lang='grc' dir='ltr'>Τζιρίδυνος,</span> <span class='ocrx_word' id='word_1_149' title='bbox 886 1981 976 2059; x_wconf 82' lang='grc' dir='ltr'>κόρυς</span> <span class='ocrx_word' id='word_1_150' title='bbox 1004 1971 1169 2059; x_wconf 82' lang='grc' dir='ltr'>Θεόδωρος</span> <span class='ocrx_word' id='word_1_151' title='bbox 1196 1969 1214 2038; x_wconf 91' lang='grc' dir='ltr'>ό</span> <span class='ocrx_word' id='word_1_152' title='bbox 1240 1970 1382 2051; x_wconf 86' lang='grc' dir='ltr'>Δυόκσις,</span> <span class='ocrx_word' id='word_1_153' title='bbox 1421 1972 1517 2059; x_wconf 85' lang='grc' dir='ltr'>εἶχεν</span> 
     </span>
     <span class='ocr_line' id='line_1_16' title="bbox 236 2093 1516 2184; baseline -0.002 -23"><span class='ocrx_word' id='word_1_154' title='bbox 236 2093 344 2174; x_wconf 78' lang='grc' dir='ltr'>αὐτόν,</span> <span class='ocrx_word' id='word_1_155' title='bbox 379 2093 590 2183; x_wconf 78' lang='grc' dir='ltr'>δτυουβήσης</span> <span class='ocrx_word' id='word_1_156' title='bbox 619 2099 676 2184; x_wconf 81' lang='grc' dir='ltr'>μέν</span> <span class='ocrx_word' id='word_1_157' title='bbox 704 2097 740 2162; x_wconf 88' lang='grc' dir='ltr'>τό</span> <span class='ocrx_word' id='word_1_158' title='bbox 769 2099 864 2183; x_wconf 78' lang='grc' dir='ltr'>μέρος</span> <span class='ocrx_word' id='word_1_159' title='bbox 887 2103 943 2162; x_wconf 80' lang='grc' dir='ltr'>τοῦ</span> <span class='ocrx_word' id='word_1_160' title='bbox 969 2093 1175 2182; x_wconf 74' lang='grc' dir='ltr'>Τίιρίόυνυς,</span> <span class='ocrx_word' id='word_1_161' title='bbox 1210 2100 1267 2162; x_wconf 88' lang='grc' dir='ltr'>καί</span> <span class='ocrx_word' id='word_1_162' title='bbox 1301 2093 1516 2184; x_wconf 78' lang='grc' dir='ltr'>ἔπιριενησης</span> 
     </span>
     <span class='ocr_line' id='line_1_17' title="bbox 237 2213 1513 2309; baseline -0.004 -22"><span class='ocrx_word' id='word_1_163' title='bbox 237 2217 369 2309; x_wconf 75' lang='grc' dir='ltr'>ἀπέχειν</span> <span class='ocrx_word' id='word_1_164' title='bbox 394 2219 427 2297; x_wconf 73' lang='grc' dir='ltr'><strong>δέ</strong></span> <span class='ocrx_word' id='word_1_165' title='bbox 451 2216 562 2299; x_wconf 83' lang='grc' dir='ltr'>αότυῡ,</span> <span class='ocrx_word' id='word_1_166' title='bbox 592 2221 647 2308; x_wconf 80' lang='grc' dir='ltr'>τὴν</span> <span class='ocrx_word' id='word_1_167' title='bbox 670 2221 706 2285; x_wconf 78' lang='grc' dir='ltr'>δέ</span> <span class='ocrx_word' id='word_1_168' title='bbox 730 2220 827 2308; x_wconf 74' lang='grc' dir='ltr'>μόνην</span> <span class='ocrx_word' id='word_1_169' title='bbox 851 2219 1069 2308; x_wconf 76' lang='grc' dir='ltr'>οίκυνομήσης</span> <span class='ocrx_word' id='word_1_170' title='bbox 1095 2223 1247 2307; x_wconf 86' lang='grc' dir='ltr'>κατέχειν</span> <span class='ocrx_word' id='word_1_171' title='bbox 1271 2213 1365 2285; x_wconf 89' lang='grc' dir='ltr'>αότόν</span> <span class='ocrx_word' id='word_1_172' title='bbox 1391 2217 1513 2284; x_wconf 78' lang='grc' dir='ltr'>ἀνεντ-</span> 
     </span>
     <span class='ocr_line' id='line_1_18' title="bbox 237 2340 1515 2432; baseline -0.002 -23"><span class='ocrx_word' id='word_1_173' title='bbox 237 2345 380 2432; x_wconf 79' lang='grc' dir='ltr'>χλητυς,</span> <span class='ocrx_word' id='word_1_174' title='bbox 407 2345 523 2418; x_wconf 79' lang='grc' dir='ltr'>καθείς</span> <span class='ocrx_word' id='word_1_175' title='bbox 545 2346 602 2409; x_wconf 90' lang='grc' dir='ltr'>καί</span> <span class='ocrx_word' id='word_1_176' title='bbox 624 2345 661 2410; x_wconf 85' lang='grc' dir='ltr'>τό</span> <span class='ocrx_word' id='word_1_177' title='bbox 683 2347 846 2431; x_wconf 81' lang='grc' dir='ltr'>πρότερον,</span> <span class='ocrx_word' id='word_1_178' title='bbox 869 2345 985 2417; x_wconf 81' lang='grc' dir='ltr'>καόιδς</span> <span class='ocrx_word' id='word_1_179' title='bbox 1010 2341 1068 2409; x_wconf 85' lang='grc' dir='ltr'>καί</span> <span class='ocrx_word' id='word_1_180' title='bbox 1091 2340 1142 2408; x_wconf 74' lang='grc' dir='ltr'>ἐπὶ</span> <span class='ocrx_word' id='word_1_181' title='bbox 1164 2353 1219 2408; x_wconf 78' lang='grc' dir='ltr'>τοῦ</span> <span class='ocrx_word' id='word_1_182' title='bbox 1242 2342 1353 2410; x_wconf 83' lang='grc' dir='ltr'>Δυόκα</span> <span class='ocrx_word' id='word_1_183' title='bbox 1381 2340 1515 2409; x_wconf 72' lang='grc' dir='ltr'>ἐκείνου</span> 
     </span>
     <span class='ocr_line' id='line_1_19' title="bbox 237 2463 1514 2557; baseline -0.002 -23"><span class='ocrx_word' id='word_1_184' title='bbox 237 2476 335 2555; x_wconf 82' lang='grc' dir='ltr'>κυροῡ</span> <span class='ocrx_word' id='word_1_185' title='bbox 363 2466 528 2556; x_wconf 78' lang='grc' dir='ltr'>Θεοδώρου</span> <span class='ocrx_word' id='word_1_186' title='bbox 555 2470 612 2533; x_wconf 80' lang='grc' dir='ltr'>καί</span> <span class='ocrx_word' id='word_1_187' title='bbox 638 2471 723 2533; x_wconf 83' lang='grc' dir='ltr'>κατὰ</span> <span class='ocrx_word' id='word_1_188' title='bbox 750 2467 807 2556; x_wconf 79' lang='grc' dir='ltr'>την</span> <span class='ocrx_word' id='word_1_189' title='bbox 829 2476 885 2534; x_wconf 79' lang='grc' dir='ltr'>τοῦ</span> <span class='ocrx_word' id='word_1_190' title='bbox 908 2467 1148 2556; x_wconf 90' lang='grc' dir='ltr'>χρυσοβυόλλου</span> <span class='ocrx_word' id='word_1_191' title='bbox 1175 2476 1232 2557; x_wconf 82' lang='grc' dir='ltr'>τῆς</span> <span class='ocrx_word' id='word_1_192' title='bbox 1255 2463 1425 2554; x_wconf 80' lang='grc' dir='ltr'>βασιλείας</span> <span class='ocrx_word' id='word_1_193' title='bbox 1450 2489 1514 2554; x_wconf 87' lang='grc' dir='ltr'>μου</span> 
     </span>
     <span class='ocr_line' id='line_1_20' title="bbox 239 2593 457 2680; baseline -0.005 -21"><span class='ocrx_word' id='word_1_194' title='bbox 239 2593 406 2680; x_wconf 78' lang='grc' dir='ltr'>περίληψιν</span> <span class='ocrx_word' id='word_1_195' title='bbox 428 2595 457 2673; x_wconf 89' lang='lat'>†.</span> 
     </span>
    </p>

    <p class='ocr_par' dir='ltr' id='par_1_4' title="bbox 238 2711 1512 3050">
     <span class='ocr_line' id='line_1_21' title="bbox 329 2711 1512 2806; baseline -0.003 -24"><span class='ocrx_word' id='word_1_196' title='bbox 329 2714 484 2802; x_wconf 69' lang='grc' dir='ltr'>βΕίχε</span> <span class='ocrx_word' id='word_1_197' title='bbox 507 2717 562 2781; x_wconf 88' lang='grc' dir='ltr'>τό.</span> <span class='ocrx_word' id='word_1_198' title='bbox 587 2719 694 2804; x_wconf 86' lang='grc' dir='ltr'>μηνί</span> <span class='ocrx_word' id='word_1_199' title='bbox 722 2715 1014 2806; x_wconf 88' lang='grc' dir='ltr'>ρευροοαρίιρ</span> <span class='ocrx_word' id='word_1_200' title='bbox 1035 2714 1113 2783; x_wconf 88' lang='grc' dir='ltr'>ίνδ.</span> <span class='ocrx_word' id='word_1_201' title='bbox 1142 2711 1307 2802; x_wconf 78' lang='grc' dir='ltr'>όηδόης</span> <span class='ocrx_word' id='word_1_202' title='bbox 1334 2715 1385 2780; x_wconf 92' lang='grc' dir='ltr'>δι’</span> <span class='ocrx_word' id='word_1_203' title='bbox 1421 2713 1512 2801; x_wconf 83' lang='grc' dir='ltr'>έρο-</span> 
     </span>
     <span class='ocr_line' id='line_1_22' title="bbox 238 2837 1511 2928; baseline -0.004 -22"><span class='ocrx_word' id='word_1_204' title='bbox 238 2843 364 2927; x_wconf 74' lang='grc' dir='ltr'>δρῶν</span> <span class='ocrx_word' id='word_1_205' title='bbox 403 2842 687 2927; x_wconf 75' lang='grc' dir='ltr'>γραμμάτων</span> <span class='ocrx_word' id='word_1_206' title='bbox 721 2849 800 2926; x_wconf 86' lang='grc' dir='ltr'>τῆς</span> <span class='ocrx_word' id='word_1_207' title='bbox 834 2841 1094 2928; x_wconf 82' lang='grc' dir='ltr'>βασιλικῆς</span> <span class='ocrx_word' id='word_1_208' title='bbox 1128 2842 1208 2906; x_wconf 86' lang='grc' dir='ltr'>καί</span> <span class='ocrx_word' id='word_1_209' title='bbox 1244 2837 1385 2914; x_wconf 71' lang='grc' dir='ltr'>θείας</span> <span class='ocrx_word' id='word_1_210' title='bbox 1424 2861 1511 2926; x_wconf 89' lang='grc' dir='ltr'>χει-</span> 
     </span>
     <span class='ocr_line' id='line_1_23' title="bbox 240 2965 368 3050; baseline -0.055 -2"><span class='ocrx_word' id='word_1_211' title='bbox 240 2966 315 3050; x_wconf 75' lang='grc' dir='ltr'>νὸτ</span> <span class='ocrx_word' id='word_1_212' title='bbox 337 2965 368 3045; x_wconf 74' lang='grc' dir='ltr'>ί.</span> 
     </span>
    </p>
   </div>
   <div class='ocr_carea' id='block_1_3' title="bbox 496 3123 1246 3240">
    <p class='ocr_par' dir='ltr' id='par_1_5' title="bbox 496 3123 1246 3240">
     <span class='ocr_line' id='line_1_24' title="bbox 496 3123 1246 3240; baseline 0 -15"><span class='ocrx_word' id='word_1_213' title='bbox 496 3155 616 3225; x_wconf 73' lang='lat' dir='ltr'>CXXX.</span> <span class='ocrx_word' id='word_1_214' title='bbox 633 3123 818 3240; x_wconf 69' lang='grc' dir='ltr'>Βίυοδυυο,</span> <span class='ocrx_word' id='word_1_215' title='bbox 834 3176 941 3224; x_wconf 79' lang='lat' dir='ltr'>mense</span> <span class='ocrx_word' id='word_1_216' title='bbox 956 3156 1108 3238; x_wconf 77' lang='lat' dir='ltr'>ianuario,</span> <span class='ocrx_word' id='word_1_217' title='bbox 1121 3123 1190 3224; x_wconf 72' lang='lat' dir='ltr'>vind.</span> <span class='ocrx_word' id='word_1_218' title='bbox 1208 3155 1246 3225; x_wconf 86' lang='lat' dir='ltr'>V.</span> 
     </span>
    </p>
   </div>
   <div class='ocr_carea' id='block_1_4' title="bbox 318 3305 1429 3382">
    <p class='ocr_par' dir='ltr' id='par_1_6' title="bbox 318 3305 1429 3382">
     <span class='ocr_line' id='line_1_25' title="bbox 318 3305 1429 3382; baseline 0.005 -22"><span class='ocrx_word' id='word_1_219' title='bbox 318 3305 465 3362; x_wconf 80' lang='grc' dir='ltr'>Ρίιεσεινιπ</span> <span class='ocrx_word' id='word_1_220' title='bbox 481 3305 697 3364; x_wconf 75' lang='grc' dir='ltr'>Οσπίαόιικεκιιε</span> <span class='ocrx_word' id='word_1_221' title='bbox 712 3309 909 3380; x_wconf 77' lang='grc' dir='ltr'>ασοιυρίέοατιυ</span> <span class='ocrx_word' id='word_1_222' title='bbox 923 3311 1091 3364; x_wconf 67' lang='lat' dir='ltr'>monasterii</span> <span class='ocrx_word' id='word_1_223' title='bbox 1106 3327 1125 3363; x_wconf 86' lang='lat' dir='ltr'><em>a</em></span> <span class='ocrx_word' id='word_1_224' title='bbox 1142 3309 1255 3364; x_wconf 76' lang='grc' dir='ltr'>ίνέόιιτίε</span> <span class='ocrx_word' id='word_1_225' title='bbox 1269 3309 1429 3382; x_wconf 64' lang='grc' dir='ltr'>ευπμκιιιαί.</span> 
     </span>
    </p>
   </div>
   <div class='ocr_carea' id='block_1_5' title="bbox 202 3454 1539 4663">
    <p class='ocr_par' dir='ltr' id='par_1_7' title="bbox 244 3454 1505 3910">
     <span class='ocr_line' id='line_1_26' title="bbox 330 3454 1505 3546; baseline -0.001 -21"><span class='ocrx_word' id='word_1_226' title='bbox 330 3454 558 3545; x_wconf 70' lang='grc' dir='ltr'>βἘτερον</span> <span class='ocrx_word' id='word_1_227' title='bbox 587 3461 775 3546; x_wconf 79' lang='grc' dir='ltr'>γρόμμα</span> <span class='ocrx_word' id='word_1_228' title='bbox 807 3463 1036 3546; x_wconf 82' lang='grc' dir='ltr'>πιηπέρνη</span> <span class='ocrx_word' id='word_1_229' title='bbox 1071 3468 1148 3525; x_wconf 80' lang='grc' dir='ltr'>τοῦ</span> <span class='ocrx_word' id='word_1_230' title='bbox 1175 3459 1505 3544; x_wconf 73' lang='grc' dir='ltr'>Καντσικουζη-</span> 
     </span>
     <span class='ocr_line' id='line_1_27' title="bbox 244 3579 1502 3671; baseline -0.001 -24"><span class='ocrx_word' id='word_1_231' title='bbox 244 3589 323 3648; x_wconf 79' lang='grc' dir='ltr'>νοῦ</span> <span class='ocrx_word' id='word_1_232' title='bbox 351 3579 584 3670; x_wconf 77' lang='grc' dir='ltr'>ἀνώτερον</span> <span class='ocrx_word' id='word_1_233' title='bbox 612 3582 870 3670; x_wconf 82' lang='grc' dir='ltr'>διατηροῦν</span> <span class='ocrx_word' id='word_1_234' title='bbox 897 3585 1078 3670; x_wconf 78' lang='grc' dir='ltr'>κοίτην</span> <span class='ocrx_word' id='word_1_235' title='bbox 1106 3585 1350 3671; x_wconf 83' lang='grc' dir='ltr'>μονήνκαί</span> <span class='ocrx_word' id='word_1_236' title='bbox 1374 3579 1502 3650; x_wconf 73' lang='grc' dir='ltr'>ταῦτ’</span> 
     </span>
     <span class='ocr_line' id='line_1_28' title="bbox 244 3701 1502 3796; baseline 0.001 -25"><span class='ocrx_word' id='word_1_237' title='bbox 244 3701 386 3794; x_wconf 83' lang='grc' dir='ltr'>αότήν</span> <span class='ocrx_word' id='word_1_238' title='bbox 420 3708 636 3795; x_wconf 77' lang='grc' dir='ltr'>κτήματα</span> <span class='ocrx_word' id='word_1_239' title='bbox 670 3703 755 3774; x_wconf 84' lang='grc' dir='ltr'>ἀπό</span> <span class='ocrx_word' id='word_1_240' title='bbox 788 3710 938 3795; x_wconf 79' lang='grc' dir='ltr'>πόσης</span> <span class='ocrx_word' id='word_1_241' title='bbox 974 3707 1277 3796; x_wconf 83' lang='grc' dir='ltr'>δημοσιακης</span> <span class='ocrx_word' id='word_1_242' title='bbox 1315 3709 1502 3796; x_wconf 71' lang='grc' dir='ltr'>συζητῆ-</span> 
     </span>
     <span class='ocr_line' id='line_1_29' title="bbox 244 3831 410 3910; baseline 0 -16"><span class='ocrx_word' id='word_1_243' title='bbox 244 3849 357 3904; x_wconf 86' lang='grc' dir='ltr'>σιιυς</span> <span class='ocrx_word' id='word_1_244' title='bbox 378 3831 410 3910; x_wconf 94' lang='lat'>†.</span> 
     </span>
    </p>

    <p class='ocr_par' dir='ltr' id='par_1_8' title="bbox 246 3949 1539 4292">
     <span class='ocr_line' id='line_1_30' title="bbox 331 3949 1501 4044; baseline -0.003 -24"><span class='ocrx_word' id='word_1_245' title='bbox 331 3956 353 4035; x_wconf 93' lang='lat'>†</span> <span class='ocrx_word' id='word_1_246' title='bbox 374 3949 464 4020; x_wconf 86' lang='grc' dir='ltr'>Ἐπεί</span> <span class='ocrx_word' id='word_1_247' title='bbox 490 3954 580 4021; x_wconf 83' lang='grc' dir='ltr'>δεῖεν</span> <span class='ocrx_word' id='word_1_248' title='bbox 606 3959 663 4021; x_wconf 83' lang='grc' dir='ltr'>καί</span> <span class='ocrx_word' id='word_1_249' title='bbox 685 3957 903 4044; x_wconf 85' lang='grc' dir='ltr'>προσκονητόν</span> <span class='ocrx_word' id='word_1_250' title='bbox 930 3957 1167 4042; x_wconf 86' lang='grc' dir='ltr'>χρυσόβουλλυν</span> <span class='ocrx_word' id='word_1_251' title='bbox 1189 3960 1345 4044; x_wconf 86' lang='grc' dir='ltr'>κέκτηται</span> <span class='ocrx_word' id='word_1_252' title='bbox 1367 3953 1388 4044; x_wconf 75' lang='grc' dir='ltr'>ἡ</span> <span class='ocrx_word' id='word_1_253' title='bbox 1412 3955 1501 4038; x_wconf 86' lang='grc' dir='ltr'>σεβα-</span> 
     </span>
     <span class='ocr_line' id='line_1_31' title="bbox 246 4077 1539 4168; baseline -0.003 -25"><span class='ocrx_word' id='word_1_254' title='bbox 246 4081 325 4164; x_wconf 90' lang='grc' dir='ltr'>σμία</span> <span class='ocrx_word' id='word_1_255' title='bbox 348 4077 498 4166; x_wconf 78' lang='grc' dir='ltr'>βασιλικὴ</span> <span class='ocrx_word' id='word_1_256' title='bbox 523 4079 603 4166; x_wconf 79' lang='grc' dir='ltr'>μονὴ</span> <span class='ocrx_word' id='word_1_257' title='bbox 626 4089 687 4160; x_wconf 83' lang='grc' dir='ltr'>τῶν</span> <span class='ocrx_word' id='word_1_258' title='bbox 709 4077 855 4166; x_wconf 82' lang='grc' dir='ltr'>Λέμβιυν,</span> <span class='ocrx_word' id='word_1_259' title='bbox 880 4079 1097 4168; x_wconf 74' lang='grc' dir='ltr'>διυριζόρενυν</span> <span class='ocrx_word' id='word_1_260' title='bbox 1123 4080 1271 4167; x_wconf 87' lang='grc' dir='ltr'>μηδόλυς</span> <span class='ocrx_word' id='word_1_261' title='bbox 1301 4078 1501 4168; x_wconf 78' lang='grc' dir='ltr'>είσέρχτοόαι</span> <span class='ocrx_word' id='word_1_262' title='bbox 1538 4158 1539 4162; x_wconf 9' lang='lat'>¹</span> 
     </span>
     <span class='ocr_line' id='line_1_32' title="bbox 247 4198 1499 4292; baseline -0.002 -26"><span class='ocrx_word' id='word_1_263' title='bbox 247 4203 301 4267; x_wconf 87' lang='grc' dir='ltr'>τόν</span> <span class='ocrx_word' id='word_1_264' title='bbox 334 4202 491 4289; x_wconf 84' lang='grc' dir='ltr'>δημόσιον</span> <span class='ocrx_word' id='word_1_265' title='bbox 519 4199 569 4267; x_wconf 74' lang='grc' dir='ltr'>ἐπί</span> <span class='ocrx_word' id='word_1_266' title='bbox 603 4209 659 4289; x_wconf 83' lang='grc' dir='ltr'>τῆς</span> <span class='ocrx_word' id='word_1_267' title='bbox 687 4198 785 4290; x_wconf 80' lang='grc' dir='ltr'>αότης</span> <span class='ocrx_word' id='word_1_268' title='bbox 819 4205 979 4290; x_wconf 77' lang='grc' dir='ltr'>κτήμασιν</span> <span class='ocrx_word' id='word_1_269' title='bbox 1006 4201 1027 4291; x_wconf 80' lang='grc' dir='ltr'><strong>ἢ</strong></span> <span class='ocrx_word' id='word_1_270' title='bbox 1056 4203 1211 4289; x_wconf 88' lang='grc' dir='ltr'>βιβαρίοις</span> <span class='ocrx_word' id='word_1_271' title='bbox 1238 4201 1259 4292; x_wconf 75' lang='grc' dir='ltr'>ἢ</span> <span class='ocrx_word' id='word_1_272' title='bbox 1287 4203 1399 4276; x_wconf 80' lang='grc' dir='ltr'>ἄλλοις</span> <span class='ocrx_word' id='word_1_273' title='bbox 1431 4203 1499 4267; x_wconf 88' lang='grc' dir='ltr'>τισίν</span> 
     </span>
    </p>

    <p class='ocr_par' dir='ltr' id='par_1_9' title="bbox 202 4319 1500 4663">
     <span class='ocr_line' id='line_1_33' title="bbox 202 4319 1500 4414; baseline -0.002 -27"><span class='ocrx_word' id='word_1_274' title='bbox 202 4389 210 4410; x_wconf 36' lang='lat'>⁸</span> <span class='ocrx_word' id='word_1_275' title='bbox 251 4319 332 4413; x_wconf 72' lang='grc' dir='ltr'>αὐτῇ</span> <span class='ocrx_word' id='word_1_276' title='bbox 347 4326 559 4414; x_wconf 79' lang='grc' dir='ltr'>διαφέρουσιν,</span> <span class='ocrx_word' id='word_1_277' title='bbox 585 4323 670 4392; x_wconf 79' lang='grc' dir='ltr'>ἀλλὰ</span> <span class='ocrx_word' id='word_1_278' title='bbox 686 4323 816 4414; x_wconf 81' lang='grc' dir='ltr'>ἀπέχειν</span> <span class='ocrx_word' id='word_1_279' title='bbox 833 4329 940 4392; x_wconf 83' lang='grc' dir='ltr'>τέλεον</span> <span class='ocrx_word' id='word_1_280' title='bbox 965 4323 997 4403; x_wconf 59' lang='lat' dir='ltr'>&amp;e</span> <span class='ocrx_word' id='word_1_281' title='bbox 1018 4324 1129 4408; x_wconf 75' lang='grc' dir='ltr'>αὐτῶν,</span> <span class='ocrx_word' id='word_1_282' title='bbox 1153 4331 1412 4414; x_wconf 79' lang='grc' dir='ltr'>παρεγηυιόμεδα</span> <span class='ocrx_word' id='word_1_283' title='bbox 1432 4335 1500 4390; x_wconf 80' lang='grc' dir='ltr'>πᾶσι</span> 
     </span>
     <span class='ocr_line' id='line_1_34' title="bbox 249 4445 1500 4539; baseline 0.006 -26"><span class='ocrx_word' id='word_1_284' title='bbox 249 4460 314 4524; x_wconf 81' lang='grc' dir='ltr'>τοῖς</span> <span class='ocrx_word' id='word_1_285' title='bbox 338 4445 500 4535; x_wconf 76' lang='grc' dir='ltr'>ένερηυόσι</span> <span class='ocrx_word' id='word_1_286' title='bbox 516 4449 631 4535; x_wconf 75' lang='grc' dir='ltr'>δικαίῳ</span> <span class='ocrx_word' id='word_1_287' title='bbox 653 4446 752 4538; x_wconf 75' lang='grc' dir='ltr'>ἡμῶν,</span> <span class='ocrx_word' id='word_1_288' title='bbox 777 4459 830 4516; x_wconf 86' lang='grc' dir='ltr'>νόν</span> <span class='ocrx_word' id='word_1_289' title='bbox 851 4471 884 4516; x_wconf 87' lang='grc' dir='ltr'>τε</span> <span class='ocrx_word' id='word_1_290' title='bbox 906 4447 978 4515; x_wconf 85' lang='grc' dir='ltr'>οόσι</span> <span class='ocrx_word' id='word_1_291' title='bbox 992 4454 1049 4516; x_wconf 85' lang='grc' dir='ltr'><strong>καί</strong></span> <span class='ocrx_word' id='word_1_292' title='bbox 1072 4449 1106 4525; x_wconf 85' lang='grc' dir='ltr'>ές</span> <span class='ocrx_word' id='word_1_293' title='bbox 1129 4447 1260 4539; x_wconf 74' lang='grc' dir='ltr'>ὕστερον</span> <span class='ocrx_word' id='word_1_294' title='bbox 1282 4453 1500 4539; x_wconf 69' lang='grc' dir='ltr'>έλευσομένοις,</span> 
     </span>
     <span class='ocr_line' id='line_1_35' title="bbox 251 4553 1497 4663; baseline 0 -25"><span class='ocrx_word' id='word_1_295' title='bbox 251 4573 399 4660; x_wconf 83' lang='grc' dir='ltr'>μηδόλεις</span> <span class='ocrx_word' id='word_1_296' title='bbox 412 4570 543 4654; x_wconf 78' lang='grc' dir='ltr'>έπόχειν</span> <span class='ocrx_word' id='word_1_297' title='bbox 568 4571 763 4661; x_wconf 82' lang='grc' dir='ltr'>έμποδισμόν</span> <span class='ocrx_word' id='word_1_298' title='bbox 786 4571 806 4662; x_wconf 75' lang='grc' dir='ltr'>ἢ</span> <span class='ocrx_word' id='word_1_299' title='bbox 829 4575 1016 4663; x_wconf 86' lang='grc' dir='ltr'>διασεισρόν</span> <span class='ocrx_word' id='word_1_300' title='bbox 1037 4577 1090 4640; x_wconf 87' lang='grc' dir='ltr'>τόν</span> <span class='ocrx_word' id='word_1_301' title='bbox 1113 4553 1251 4663; x_wconf 81' lang='grc' dir='ltr'>τυχόντα</span> <span class='ocrx_word' id='word_1_302' title='bbox 1274 4571 1324 4642; x_wconf 79' lang='grc' dir='ltr'>ἐπὶ</span> <span class='ocrx_word' id='word_1_303' title='bbox 1347 4587 1410 4650; x_wconf 80' lang='grc' dir='ltr'>τοῖς</span> <span class='ocrx_word' id='word_1_304' title='bbox 1431 4573 1497 4656; x_wconf 79' lang='grc' dir='ltr'>κτή-</span> 
     </span>
    </p>
   </div>
   <div class='ocr_carea' id='block_1_6' title="bbox 0 0 1584 5306">
    <p class='ocr_par' dir='ltr' id='par_1_10' title="bbox 0 0 1584 5306">
     <span class='ocr_line' id='line_1_36' title="bbox 0 0 1584 5306; baseline 0 0"><span class='ocrx_word' id='word_1_305' title='bbox 0 0 1584 5306; x_wconf 95' lang='lat' dir='ltr'> </span> 
     </span>
    </p>
   </div>
  </div>
 </body>
</html>
