3190 5284
272 281 333 348 126

268 471 396 559 ἀγάπην
419 475 476 538 καί
493 475 703 558 συγχώρησιν,
727 468 785 535 καί
808 481 873 543 τοῖς
896 480 1042 556 μισοῦσιν
1066 467 1151 559 ἡμᾶς
1174 480 1327 557 ποιοῦμεν
1350 470 1558 556 διαλλαγὴν.

270 594 382 662 ἔπειτα
410 597 447 660 δέ
475 591 663 682 ηὑρέθησαν
691 591 764 681 ἡμῖν
793 591 827 662 έν
851 595 895 679 τῷ
923 599 1057 680 παρόντι
1080 595 1159 682 τῷδε
1185 597 1253 680 βίῳ,
1278 591 1371 659 ἅτινα
1394 599 1453 660 καί
1482 593 1563 679 ἔχω

270 715 307 782 ἐκ
330 721 461 804 προικός
486 727 541 802 τῆς
565 720 715 797 γυναικός
739 739 813 802 μου,
833 715 933 804 ἤγουν
956 721 1120 806 χωράριυν
1150 717 1195 791 είς
1219 719 1274 804 τήν
1298 715 1407 804 Βόρην
1425 718 1562 803 μσδίων

269 844 449 926 τριάκοντα,
475 837 625 913 ύσαύτως
648 844 704 905 καί
722 839 767 912 εἰς
790 841 845 926 την
869 840 1012 927 Σμύρνην
1034 839 1189 926 ἀμπέλιον
1204 845 1262 906 καί
1285 837 1363 905 αύτό
1388 839 1427 905 ἐκ
1449 861 1559 925 προι-

268 966 326 1036 κός
343 948 505 1048 μουύσεί
528 963 644 1048 μοδίων
669 963 736 1041 δύο,
761 967 817 1030 καί
841 962 957 1051 ἀφίημι
974 973 1074 1028 ταῦτα
1099 962 1143 1037 είς
1167 964 1223 1050 την
1248 965 1349 1051 μονὴν
1371 975 1433 1028 τόν
1456 962 1560 1050 Λέμ-

270 1088 342 1169 βιον,
368 1084 412 1158 εὶς
434 1085 473 1171 ἣν
498 1086 604 1172 μέλλω
629 1085 830 1173 ἀποκαρηναι
854 1085 898 1160 ὡς
922 1089 1066 1172 μοναχός
1089 1088 1146 1159 τὰς
1169 1092 1281 1173 τρίχας
1305 1097 1361 1175 τῆς
1385 1089 1559 1176 κεφαλῆς.

271 1207 339 1274 ἀντί
367 1209 402 1272 δέ
427 1216 481 1273 τοῦ
505 1205 671 1296 χωραρίου
699 1213 755 1274 καί
783 1219 838 1274 τού
862 1206 1034 1294 ἀμπιλίοο,
1058 1206 1100 1273 ὧν
1124 1209 1252 1274 δέδωκα
1275 1211 1330 1275 διὰ
1357 1211 1412 1296 την
1437 1214 1560 1297 ψυχήν

272 1355 332 1418 μου
360 1331 405 1405 είς
429 1334 484 1419 την
513 1333 611 1427 μονὴν
632 1329 675 1404 ὡς
704 1329 742 1396 ἐκ
769 1339 901 1418 προικός
924 1329 1001 1398 ὄντα
1025 1343 1081 1419 της
1105 1337 1254 1412 γυναικός
1283 1354 1354 1419 μου,
1379 1330 1449 1398 ἀντί
1475 1335 1563 1397 πού-

270 1475 330 1520 των
359 1454 475 1542 ἀφίημι
502 1455 558 1541 τὴν
587 1459 722 1534 γυναῖκά
751 1477 811 1541 μου
839 1459 877 1519 τὰ
908 1451 1045 1542 ύσπήτιό
1068 1477 1145 1541 μου,
1174 1454 1249 1520 ἄνευ
1274 1461 1379 1541 μέντοι
1403 1466 1466 1520 τῶν
1494 1457 1566 1520 δύο

271 1575 442 1664 όσπηπίων,
472 1575 552 1663 ἅπερ
581 1577 710 1664 ἔχουσιν
739 1576 769 1642 οἱ
791 1578 901 1651 παῖδές
926 1581 1057 1663 μου,τό
1082 1581 1137 1664 μὲν
1162 1579 1195 1642 έν
1218 1581 1418 1664 κεραμικὸν,
1449 1582 1491 1644 τὸ
1519 1581 1565 1643 δέ

268 1698 375 1786 ἕτερον
392 1702 588 1784 καλυβωτόν,
613 1704 670 1766 καὶ
694 1703 728 1766 τό
753 1699 919 1786 ἀμπέλιυν,
944 1698 1020 1786 ὅπερ
1045 1701 1123 1788 ἔχω,
1145 1700 1221 1766 ἄνευ
1246 1697 1341 1787 ούπερ
1359 1701 1498 1788 ἔχουσιν
1527 1701 1564 1768 οἱ

268 1825 379 1896 παῖδές
417 1845 476 1909 μου
498 1823 732 1911 ἀδελφομοίριν.
769 1828 825 1888 καί
852 1823 932 1889 εἴτι
956 1823 1036 1890 ἄλλο
1065 1824 1132 1912 ἔχω
1168 1823 1212 1898 εὶς
1236 1828 1276 1890 τὰ
1309 1815 1447 1912 ύσπῆτισί
1475 1849 1561 1912 μου,

270 1944 426 2034 ἐπαρίημι
461 1945 539 2012 αύπό
564 1949 619 2034 τὴν
655 1952 789 2027 γυναῖκα
814 1970 874 2032 μου
898 1952 955 2014 καί
988 1951 1023 2012 τύ
1047 1950 1153 2014 παιδίν
1178 1971 1250 2035 μοο.·
1285 1947 1315 2014 εί
1341 1951 1376 2012 δέ
1406 1969 1443 2028 γε
1468 1971 1562 2014 ποτε

269 2081 329 2134 των
364 2080 482 2154 καιρῶν
516 2071 658 2157 ποιραθη
683 2091 730 2142 τις
755 2069 962 2156 διενυχλησαι
996 2065 1093 2156 αύτην
1117 2074 1270 2154 περὶτῶν
1306 2067 1465 2155 ύσπητίιυν
1494 2075 1563 2134 καί

270 2202 328 2258 τοῦ
356 2192 526 2278 ἀμπελίου,
561 2189 614 2256 ἵνα
638 2192 701 2276 ἔχη
725 2189 744 2278 ἡ
769 2193 845 2276 γυνη
871 2195 906 2258 τύ
936 2190 973 2256 έκ
1000 2195 1132 2276 προικός
1167 2187 1265 2279 αὐτῆς
1293 2196 1461 2280 χαρυίριον
1494 2197 1564 2258 καί

270 2320 306 2381 τό
332 2316 496 2400 ἀμπέλιον,
520 2311 540 2400 ἡ
564 2315 600 2378 δέ
625 2317 705 2400 μονὴ
731 2312 832 2400 ἐχέτω
856 2318 895 2378 τὰ
919 2312 1065 2402 ύσπήτια·
1095 2315 1123 2380 εὶ
1146 2317 1182 2379 δέ
1211 2314 1381 2402 ἐνοχλήσει
1403 2311 1437 2401 ἡ
1452 2313 1563 2380 ἀδελ-

270 2442 313 2526 φή
338 2461 398 2524 μου
420 2441 490 2522 περὶ
519 2433 556 2500 ού
586 2437 658 2523 ἔχει
686 2441 792 2522 τρίτου
821 2437 979 2514 ἐνταῦθα,
1005 2435 1210 2516 ἀπολυσύπω,
1236 2435 1312 2524 ὅπερ
1336 2437 1457 2524 ἀπῆρεν
1486 2440 1563 2504 ἀπὸ

271 2569 325 2624 τοῦ
348 2561 523 2648 Καρβώνη,
548 2555 637 2645 ύτιὴ
663 2561 794 2646 τοιαύτη
819 2559 1006 2644 έξυίπροικυς
1029 2558 1078 2647 ἦν.
1107 2563 1164 2624 καὶ
1188 2569 1288 2625 ταῦτα
1309 2563 1412 2626 πάντα
1435 2561 1563 2638 καλῶς

273 2684 513 2768 διαταξάμενος,
540 2679 625 2755 ὅστις
641 2685 782 2770 πειραθῇ
806 2681 826 2769 ἢ
851 2684 1000 2770 βουληθῇ
1025 2684 1200 2769 ἀνατρέψαι
1216 2685 1270 2769 την
1293 2689 1460 2769 παροῦσάν
1489 2709 1563 2770 μου

273 2808 452 2892 διαθήκην,
481 2805 534 2868 ἵνα
558 2803 726 2870 ἐπισπᾶται
751 2809 806 2877 τὰς
831 2806 910 2890 ἀρὰς
934 2816 994 2868 τῶν
1018 2811 1207 2890 τριακοσίων
1231 2807 1398 2871 δεκαοκτὼ
1421 2809 1563 2897 θεοφό-

273 2950 338 3016 ρων,
356 2931 498 3014 πατέρων
523 2940 582 2994 των
611 2929 643 2994 ὲν
661 2927 798 3012 ,Νικαίσμ
823 2933 879 2992 καί
908 2940 1018 3014 πρῶτα
1042 2933 1098 3015 μὲν
1133 2932 1168 2993 τύ
1197 2940 1263 3018 φύς
1297 2939 1353 3015 τῆς
1381 2931 1562 3018 τρισηλίσυ

272 3056 428 3138 θεότητος
450 3049 485 3116 ού
511 3054 553 3138 μη
583 3050 758 3139 θεάσηται,
789 3049 841 3117 ὅτε
869 3055 1150 3138 παραστησόμεθα
1178 3053 1222 3138 τῷ
1243 3051 1412 3135 ἀδεκάστιρ
1436 3068 1559 3144 κριτῇ,

273 3177 401 3262 καὶτῆς
426 3187 484 3240 τῶν
502 3185 691 3261 χριστιανῶν
716 3174 846 3259 μερίδος
868 3173 988 3260 έκπέση
1014 3172 1057 3247 ὣς
1081 3171 1098 3238 ὁ
1122 3175 1243 3248 Ἰούδας
1267 3184 1322 3262 τῆς
1345 3177 1560 3256 δωδεκάδος,

271 3306 328 3365 καί
351 3302 627 3384 καταταγησηπαι,
653 3294 731 3362 ὅπου
755 3295 772 3361 ό
797 3299 925 3383 σκώληξ
949 3293 984 3360 ού
1008 3297 1139 3382 τελευτᾷ
1165 3306 1222 3364 καί
1244 3302 1279 3364 τό
1302 3308 1362 3384 πῦρ
1386 3295 1423 3362 ού
1450 3303 1558 3384 σβέν-

272 3445 369 3489 νυται.
404 3433 553 3508 παρῆσαν
581 3422 617 3484 δέ
653 3424 808 3506 μάρτυρες
834 3417 865 3484 ἐν
902 3422 1000 3507 ταύτη
1030 3417 1046 3484 ὅ
1076 3443 1109 3484 τε
1143 3419 1308 3494 Νικόλαος
1338 3420 1355 3487 ὁ
1390 3421 1558 3512 Τατίυιης,

271 3547 428 3632 Γεωργιος
452 3543 469 3608 ὁ
493 3544 701 3628 Δρυυγγσίρης
725 3547 781 3606 καί
803 3541 895 3607 Λέων
919 3541 936 3606 ό
960 3542 1159 3628 Τίουρουλός
1182 3550 1210 3625 †.

442 3726 698 3832 ΣίγνονίΜαρίας
790 3727 1089 3830 ΣίγνονύΘευδώρας
1146 3739 1434 3836 ΣίγνονηΓεωργίου

309 3835 719 3850 W

361 3871 416 3947 τῆς
442 3847 668 3946 Πετριτίίίνης.
758 3867 813 3946 της
836 3857 860 3923 Γ
863 3849 1058 3955 υρύύατίνης.
1147 3872 1201 3926 τοῦ
1225 3850 1398 3958 Πύετρίτίη
1422 3869 1454 3944 †.

537 4193 615 4258 LIX.
635 4191 864 4272 6780-1272,
884 4210 987 4257 mense
1005 4193 1108 4278 aprili,
1128 4193 1192 4261 ind.
1210 4197 1274 4262 XV.

546 4343 707 4413 Τόαοιίονιισ
724 4357 872 4413 Gordatus
887 4359 1002 4415 Ρύοιαο
1017 4379 1149 4433 eampum
1164 4365 1268 4418 vendit.

337 4549 381 4624 ·†
408 4541 464 4608 Τό
492 4545 751 4629 πρατήριον
787 4543 1021 4632 ἔγγραφον
1049 4557 1126 4612 τοῦ
1160 4548 1401 4635 Γορθοίτου
1430 4561 1554 4640 πρὸς

274 4668 347 4729 τόν
372 4665 549 4738 Φωκᾶν,
573 4670 648 4730 τόν
673 4668 882 4749 γαμβρόν
906 4677 983 4754 της
1007 4667 1313 4755 Κυραμαρίας
1337 4679 1365 4752 †.
