3228 5296
279 243 321 308 42

278 441 448 524 μάρτυρες,
477 437 532 511 ούς
555 439 816 524 προσεκαλέσατο
843 436 860 503 ὁ
883 440 1098 524 περιπόθητος
1121 439 1213 511 θείος
1237 442 1291 501 τού
1315 442 1468 522 κραταιοῦ
1493 437 1551 498 καί

247 543 249 546 ’
278 557 371 641 οίγίου
398 558 487 649 ἡμῶν
516 558 673 627 αύθέντου
701 565 757 628 καί
785 563 956 647 βασιλέως,
984 557 1001 626 ὁ
1029 559 1205 642 Ἄγγελος,
1235 555 1288 625 ὅτε
1315 560 1371 647 την
1398 559 1549 644 τοιαύτην

277 683 379 772 κρίσιν
409 682 548 772 ἐποίησε,
579 689 635 751 καί
662 685 872 762 κατεδέξαντο
900 694 993 750 τοῦτο
1020 688 1060 750 τὰ
1087 688 1167 772 μέρη
1192 681 1372 772 ἀμφύτερα,
1400 679 1454 748 ἵνα
1477 702 1549 768 χιο-

277 810 413 894 ρισθιύσι
437 811 475 873 τὰ
499 809 610 873 δίκαια
633 819 693 874 τῶν
713 806 915 896 Ῥοιρινιανιῑιν
939 810 993 874 διὰ
1021 807 1321 894 σταυρούιαβατίας.
1349 809 1406 872 καί
1435 809 1549 892 μέντοι

278 935 335 998 καί
363 933 662 1020 μετακαλεσάμενοι
689 936 745 998 καί
772 929 863 1021 ἡμεῖς
891 935 930 998 τὰ
958 935 1038 1018 μέρη
1067 929 1245 1020 ἀμφύτερα,
1274 927 1317 1004 ὡς
1343 927 1397 995 ἵνα
1422 946 1546 1014 παρου-

278 1059 439 1144 σιάσιομεν
464 1055 509 1130 εἷς
532 1057 587 1122 τὸν
609 1065 751 1122 τοιοῦτον
774 1059 869 1122 τύπον
893 1061 932 1121 τὰ
956 1053 1129 1144 Σρούρνου,
1159 1053 1255 1119 δκαί
1278 1057 1468 1141 ποιήσαντες
1492 1055 1548 1116 καί

277 1179 516 1266 καταλαβόντες
550 1181 605 1268 την
640 1185 779 1268 σήμερον
813 1179 907 1246 πάλιν
941 1177 1025 1268 ἦσαν
1059 1181 1098 1245 τὰ
1134 1184 1213 1267 μέρη
1243 1179 1547 1262 θικαιολσγούμενα.

278 1299 393 1370 αὐτίκα
416 1309 472 1369 καί
495 1301 512 1368 ὁ
535 1305 782 1391 καθηγούμενος
804 1307 985 1390 παρέστησε
1012 1303 1086 1376 τούς
1108 1305 1431 1390 προμαρτυρησαντας
1454 1299 1549 1368 Ῥου-

279 1430 391 1506 ζιίτας,
416 1431 469 1491 τύν
498 1449 534 1507 γε
562 1427 726 1514 Θεόδωρον
754 1429 806 1494 τὸν
827 1426 1042 1522 Τίυκαπίτην,
1072 1429 1124 1492 τόν
1152 1426 1276 1514 Ζῶμον,
1301 1429 1354 1490 τὸν
1381 1423 1549 1511 Βρουλλᾶν

278 1555 335 1618 καί
358 1554 411 1618 τὸν
438 1550 544 1638 ἕτερον
572 1550 773 1639 Τίυκαπίτην
799 1556 959 1638 παρουσία
986 1559 1040 1616 τοῦ
1069 1551 1303 1639 διαληρθέντος
1326 1549 1549 1633 καβαλλαρίοο

278 1678 334 1742 καί
358 1685 418 1742 τῶν
445 1674 648 1742 Μαντειανιῑιν
671 1680 834 1760 παροίκων
859 1670 970 1753 αύτού,
995 1683 1050 1738 τού
1078 1672 1205 1760 Τοίαρα
1231 1673 1376 1740 Ἰοιοίννοο
1407 1675 1464 1738 καί
1492 1679 1549 1736 τού

277 1797 544 1887 Καλομοιραστού
572 1799 671 1866 Ξένου
705 1803 761 1866 καί
789 1793 891 1866 αὐτῶν
925 1809 987 1864 τῶν
1014 1797 1127 1886 έτέρυν
1161 1803 1321 1884 παροίκων
1357 1792 1455 1862 αὐτοῦ
1487 1805 1547 1860 τῶν

278 1921 487 2011 Ποταμηνιίιν·
503 1921 655 2012 ὥρμησαν
671 1923 701 1988 οἱ
724 1921 885 2011 εἰρημένοι
900 1920 1069 1997 Ῥουίιίται
1093 1927 1172 2009 μετὰ
1186 1925 1370 2009 προθυμίας
1393 1918 1442 1986 ὅτι
1463 1919 1547 1986 πολ·

278 2049 338 2135 λῆς
365 2058 513 2136 χωρῆσαι
535 2051 576 2112 τὰ
603 2047 715 2114 δίκαια
742 2057 802 2112 τῶν
825 2044 1028 2134 Ῥορινιανύν
1052 2051 1131 2132 μετὰ
1155 2053 1305 2132 σταυροῦ,
1327 2042 1396 2112 ἀλλ’
1421 2041 1546 2123 ἔλεγον,

278 2171 377 2248 δεῖξαι
405 2171 518 2258 έχουσι
551 2175 607 2236 καί
642 2173 682 2236 τὰ
716 2173 831 2250 γονικὰ
858 2165 961 2236 αὐτῶν
989 2170 1028 2256 δὴ
1058 2181 1118 2236 τῶν
1145 2169 1358 2257 Ποταμηνύν,
1382 2167 1467 2234 ἔνθα
1491 2168 1547 2253 την

278 2297 418 2382 σήμερον
453 2293 696 2384 ἀναφαίνονται,
727 2292 759 2361 ἐν
789 2293 814 2380 ᾦ
840 2299 897 2360 καί
924 2294 1031 2362 ἐλαῖαι
1056 2293 1214 2372 ἵστανται,
1244 2293 1375 2380 καρέαι,
1410 2288 1546 2379 ῥοῐύέαι,

279 2431 383 2501 σοκαί,
399 2421 451 2484 ναί
474 2420 535 2506 μὴν
559 2422 614 2486 καί
638 2397 726 2484 αύτύῖ
740 2423 780 2484 τὰ
796 2417 967 2506 οἰκήματα,
992 2418 1076 2493 είςᾶ
1098 2417 1129 2484 οἱ
1144 2431 1246 2499 γονεῖς
1262 2427 1323 2484 τῶν
1345 2417 1545 2506 Ποταμηνίιν

276 2544 532 2630 προσεκάθηντο.
559 2539 650 2631 ἡμεῖς
677 2539 732 2610 ούν
759 2545 1062 2630 παρτκλητιύσαμεν
1091 2543 1133 2628 μή
1170 2543 1362 2630 τελεσθῆναι
1389 2543 1443 2607 τύν
1476 2564 1545 2608 τοι·

278 2671 368 2730 ούτον
393 2661 497 2754 ὅρκον,
521 2664 574 2732 ἵνα
598 2667 641 2754 μη
665 2667 719 2732 διὰ
743 2662 920 2752 ούύαμινύν
943 2669 1167 2754 καινοτομηθη
1188 2669 1222 2731 τὰ
1243 2669 1343 2744 θεῖον,
1366 2667 1422 2730 καί
1445 2684 1545 2751 συνη-

278 2792 381 2878 ρέσθη
410 2787 427 2856 ὁ
452 2785 835 2878 ῥηθείςκαθηγούμενος
864 2795 944 2878 μετὰ
967 2799 1022 2855 τού
1051 2787 1127 2856 ὅλου
1151 2795 1265 2877 μέρους
1289 2799 1345 2877 τῆς
1369 2797 1467 2876 μονῆς
1491 2791 1547 2852 θο-

277 2917 376 3001 θηναι
398 2913 444 3000 τιρ
466 2913 676 3001 καβαλλαρίιρ
699 2912 757 2979 καὶ
779 2927 843 2987 τοῖς
865 2918 1032 3000 παροίκους
1056 2910 1153 2978 αύτοῡ
1182 2911 1249 2978 ἀντὶ
1272 2923 1332 2980 τῶν
1356 2910 1545 2999 ἀναστημυί-

277 3057 337 3104 των
364 3037 407 3104 ύν
436 3035 614 3126 ἀνέστησαν
642 3039 854 3124 κραββατίνου
883 3035 1026 3124 ἀμπέλου
1053 3041 1109 3103 καί
1137 3036 1250 3123 έιέριον
1283 3037 1442 3126 θιαρύριυν
1469 3034 1543 3102 θέν-

275 3163 367 3248 θριυν,
404 3165 439 3227 τὰ
475 3169 569 3249 μέχρι
596 3160 653 3228 καὶ
680 3172 735 3228 τού
759 3163 885 3226 δικαίου
919 3164 1154 3248 προεκτιμηθὲν
1189 3163 1418 3248 νυμισματικόν
1444 3163 1544 3226 ποσὸν

276 3287 362 3373 ύοθη
391 3297 454 3360 τοίς
483 3287 683 3374 Ποταμηνοῖς
706 3288 794 3370 παρὰ
821 3295 876 3350 τού
905 3281 1098 3372 μέρους’της
1124 3293 1233 3372 μονῆς,
1256 3289 1313 3350 καί
1340 3281 1439 3357 ούτιος
1463 3283 1543 3348 ἀπέ-

275 3429 345 3496 χειν
370 3406 483 3482 αύτούς
506 3407 614 3474 τέλεον
639 3407 701 3474 ἀπὸ
725 3417 779 3474 τού
803 3413 913 3475 τοτίου
935 3417 995 3474 τῶν
1019 3407 1194 3497 Σφούρνιυν.
1220 3405 1287 3474 εἶτα
1309 3408 1403 3473 πάλιν
1428 3405 1543 3495 ἐζητη-

276 3552 336 3598 σαν
363 3531 393 3598 οἱ
420 3531 605 3620 Ποταμηνοί
631 3536 689 3598 καί
716 3529 733 3598 ὁ
763 3527 922 3620 αύθίντης
950 3528 1051 3598 αὐτῶν
1079 3533 1218 3619 δοθῆναι
1246 3526 1351 3605 αὐτοῖς
1377 3534 1464 3616 παρὰ
1488 3539 1543 3596 τού

277 3651 433 3742 ῥηθέντος
460 3657 708 3743 καθηγουμένου
731 3653 777 3730 είς
804 3659 994 3742 περιαίρεσιν
1020 3658 1137 3730 παντὸς
1162 3657 1345 3722 σκανδάλου
1368 3659 1477 3721 τύπιον
1501 3653 1545 3727 είς

276 3782 312 3846 τό
335 3777 468 3869 οἰκῆσαι
490 3791 554 3855 τοίς
576 3779 779 3867 Ποταμηνοῖς
802 3783 969 3866 παροίκοις
993 3787 1048 3845 τού
1071 3777 1229 3867 Συργαρη.
1258 3777 1275 3846 ύ
1303 3781 1339 3846 ύί
1367 3800 1404 3861 γε
1430 3782 1543 3864 καθη-

277 3906 430 3990 γούμενος
453 3899 535 3977 ὅλοις
558 3902 603 3978 είς
627 3912 718 3970 τούτο
742 3899 779 3970 ού
802 3908 973 3969 κατένευσε
997 3903 1110 3968 διὰτὸ
1134 3901 1223 3982 εἶναι,
1248 3903 1368 3988 ἔλεγεν,
1394 3903 1438 3978 τίς
1462 3903 1542 3987 βλοί-

276 4030 336 4116 βην
363 4038 419 4116 της
442 4023 492 4094 ύπ’
515 4025 609 4095 αύτύν
634 4029 815 4113 σεβασμίας
844 4028 1011 4114 βασιλικῆς
1035 4025 1130 4106 ἁγίας
1156 4035 1264 4115 μονῆς.
1290 4027 1353 4094 ἀπὸ
1375 4027 1543 4114 παρακλη-

276 4175 357 4226 σισς
384 4153 420 4218 δέ
446 4153 568 4240 πολλῆς
590 4148 747 4240 ἡμετέρας
771 4149 960 4237 ἐπετυπιύθη
985 4148 1114 4217 ένιύπιον
1138 4147 1227 4240 ἡμῶν
1250 4157 1307 4218 καί
1333 4161 1393 4218 τῶν
1417 4150 1541 4217 ἄνωθεν

275 4277 478 4364 δηλουμένων
501 4277 642 4364 δοθῆναι
658 4273 763 4349 αὐτοῖς
787 4278 892 4340 τύπιον
918 4271 1107 4342 ἀνατολικὸν
1124 4279 1219 4362 μέρος
1242 4283 1297 4341 τού
1322 4272 1414 4356 οἱγίου
1435 4274 1460 4342 Γ
1463 4297 1541 4360 εωρ·

275 4404 361 4484 γίου,
389 4399 422 4466 έν
450 4399 476 4490 ᾧ
502 4405 561 4466 καί
588 4398 718 4478 ἀλῶνιν,
753 4399 788 4463 τύ
816 4401 1110 4496 καίχιιριίόμενον
1138 4396 1200 4464 ἀπὸ
1224 4409 1278 4466 τοῦ
1301 4397 1541 4486 καταρχομένου

277 4519 395 4612 ῥύακος
418 4531 513 4614 μέχρι
536 4529 592 4590 καί
614 4534 675 4590 τῶν
697 4533 820 4590 πτυκιῖιν
843 4525 900 4588 καὶ
927 4525 970 4610 μή
999 4522 1145 4610 μετέχειν
1172 4523 1312 4610 τέραθιν
1341 4533 1396 4590 τού
1423 4519 1539 4608 ῥύακος

277 4659 331 4716 τού
372 4646 631 4735 ἀποβλεπομένου
659 4644 804 4733 θρκτιύου
839 4651 968 4735 μέρους,
1002 4652 1058 4714 καί
1092 4649 1221 4734 μυλῶνα
1255 4644 1372 4734 ὁμοίοις
1404 4648 1539 4735 θρθῆναι
