3168 5274
1246 259 1312 330 375

50 444 148 517 ίτάνω,
175 453 235 514 καὶ
261 453 350 516 κάτω
372 453 628 538 Δρυανοόβοιιναν
653 455 734 539 μετὰ
762 457 886 521 πάντων
909 464 969 522 των
992 455 1125 520 δικαίων
1147 457 1204 520 καὶ
1229 475 1310 540 προ-

50 575 157 657 νομίων
186 571 300 652 αότοδ,
335 584 395 662 γῆς
417 573 540 664 όρεινῆς
563 581 619 642 καί
644 579 787 665 πεδινῆς,
817 577 1023 666 ἀμπελώνων,
1058 581 1229 666 χωραρίων
1255 579 1312 644 καί

51 697 183 782 μολικιδν
220 694 449 786 ἐργαστηρίων,
484 704 525 766 τά
555 706 627 786 τρία
656 705 792 790 μετόχια
826 704 942 789 ταότης
969 706 1009 767 τά
1044 702 1078 766 όν
1107 711 1146 789 τῆ
1180 701 1311 788 τοεαότη

51 821 300 908 όρυανοοβαίνη,
327 818 347 910 ἡ
371 819 526 910 όπεραγία
549 827 707 901 θεοτόκος
730 822 750 913 ἡ
774 825 957 913 Πυρταρία,
981 823 999 892 ό
1023 822 1114 905 ἅγιος
1137 823 1313 903 Νικόλαος,

52 947 80 1008 τό
112 943 338 1032 ἐπιλεγόμενον
366 955 422 1012 τοῦ
449 938 693 1033 Παλιρροπάτοο
727 951 783 1014 καί
810 951 845 1013 τό
879 945 988 1034 ότερυν
1015 951 1050 1014 τό
1077 951 1134 1014 καί
1161 941 1239 1014 αότό
1267 947 1313 1022 τίς

52 1063 149 1154 όνορα
172 1077 229 1156 τῆς
253 1064 430 1154 όπεράγνοο
453 1072 658 1157 θεομῆτορος
684 1075 859 1158 τιμώμενον
886 1075 943 1136 καί
968 1073 1141 1158 λεγόμενον
1167 1069 1312 1158 Ἦσοχα·

55 1195 193 1278 στῆριον,
230 1189 305 1279 ὅπερ
333 1195 391 1258 καί
418 1191 460 1268 ὥς
487 1195 609 1278 δωρεὰν
643 1196 878 1282 πατριαρχικὴν
914 1192 1033 1284 όρείλει
1061 1194 1149 1282 ἔχειν
1182 1191 1203 1284 ἠ
1232 1195 1312 1282 μονῆ

53 1324 99 1380 τοδ
134 1314 328 1402 Προδρόμοο
363 1313 574 1406 ἀναφαίρετον
607 1321 710 1406 πάντη
744 1323 801 1384 καί
835 1318 1038 1384 ἀόιάσεεστον
1067 1315 1113 1392 εἰς
1139 1318 1211 1392 πυός
1241 1315 1313 1405 όξῆς

52 1443 102 1504 καί
129 1440 289 1526 διηνεκεῖς
316 1445 453 1526 χρόνους
480 1444 561 1527 μετὰ
583 1445 706 1508 πάντων
729 1451 790 1507 τόν
817 1444 949 1508 δικαίων
972 1447 1029 1508 καί
1050 1445 1228 1530 προνομίων
1253 1436 1313 1506 αό-

53 1571 115 1642 τοδ,
152 1571 213 1650 γῆς
241 1561 365 1652 όρεινῆς
403 1569 459 1630 καί
480 1565 618 1652 πεδινῆς,
647 1563 840 1652 ἀμπελώνων
867 1568 924 1631 καί
949 1568 1130 1652 χωραρίων,
1158 1567 1314 1652 χερσαίας

54 1695 106 1774 γῆς
141 1689 199 1752 καί
218 1677 286 1752 ’των
313 1685 592 1775 προσκαθημίνων
627 1683 711 1774 ιιότῷ
743 1687 917 1775 ἀνθράκων
945 1693 1001 1754 καί
1028 1692 1152 1756 πάντων
1178 1697 1314 1775 κινητῶν

54 1815 106 1874 καὶ
129 1809 287 1898 ἀκινῆτων
309 1813 502 1898 πραγμάτων
525 1807 633 1890 αὐτοῦ,
656 1815 696 1877 τὰ
720 1812 754 1888 λε
776 1810 953 1899 ἀγορασίαις
975 1812 1187 1898 περιελθόντα
1208 1807 1314 1898 ἀμπί-

55 1933 102 1998 λια
128 1939 186 2000 καί
212 1938 364 2021 χωράρια
391 1945 430 2022 τῆ
454 1936 617 2022 σεβασμία
651 1947 732 2024 μονῆ
758 1939 845 2022 παρὰ
868 1945 923 2002 τοῦ
945 1934 1116 2023 Κομνηνοό
1150 1933 1315 2022 οἰκήματα

55 2061 105 2122 καί
129 2058 297 2144 περιβόλια
330 2062 388 2123 καί
414 2059 472 2124 δόο
501 2059 620 2145 μυλικά
648 2059 845 2147 ίργαστηρία
873 2057 905 2124 όν
934 2071 973 2147 τῆ
1000 2059 1131 2146 τοιαότη
1154 2058 1315 2145 Δρυανου-

57 2183 158 2270 βαίνη,
188 2179 338 2256 ιὀσαότως
366 2185 424 2246 καί
447 2185 486 2247 τά
510 2181 542 2248 ἰν
566 2181 610 2269 τῷ
630 2181 807 2267 Βελεστίνιρ
830 2183 1041 2270 περιελθόντα
1063 2176 1136 2270 παρ’
1162 2176 1259 2248 αότοό
1282 2179 1317 2260 l}

8 2331 9 2392 j
58 2303 228 2392 ἀγορασίας
256 2303 396 2392 ἀμπίλια
423 2317 461 2393 τῆ
475 2317 567 2394 ,μονῆ
591 2311 647 2372 καί
670 2308 706 2372 τό
735 2307 957 2394 ζεογηλατεῖον
981 2309 1016 2372 τό
1040 2303 1079 2372 όκ
1105 2307 1317 2393 προοενίξεως

8 2495 9 2500 ,
57 2431 218 2516 περιελθὸν
247 2440 287 2516 τι]
312 2427 461 2516 εἰρημένη
490 2441 708 2518 πατριαργικῆ
733 2440 814 2518 μονῆ
837 2441 877 2518 τῆ
904 2433 961 2495 καί
981 2428 1053 2516 Νόα
1074 2429 1182 2517 Πότρη
1205 2429 1318 2496 όπικα-

8 2543 9 2548 ’
58 2553 204 2640 λουμένῃ,
233 2551 331 2640 ἤγουν
353 2549 374 2640 ἡ
399 2549 553 2639 ἀρόσιμος
576 2562 616 2640 γῆ
640 2563 700 2618 τῶν
723 2551 885 2640 Βραστων,
914 2549 1023 2642 ἀπειθῆ
1046 2555 1082 2620 δε
1106 2554 1318 2640 διελάμβανον

58 2673 73 2741 ό
93 2685 234 2750 τοιοῦτος
258 2678 371 2750 σεπτός
394 2679 451 2740 καί
472 2677 563 2749 θεῖος
587 2677 755 2761 βασιλικός
780 2679 1020 2764 χροσόβοολλος
1036 2677 1132 2758 λόγος
1155 2686 1211 2743 τοῦ
1234 2697 1318 2766 κρα-

58 2804 154 2866 τίστου
181 2803 240 2866 καί
274 2797 367 2880 ἀγίοο
399 2821 459 2886 μου
484 2795 734 2886 αότοκράτορος,
770 2797 818 2866 ότι
840 2805 897 2866 καί
920 2803 956 2866 τό
983 2803 1178 2886 προγεγονός
1201 2812 1241 2888 τῆ
1264 2809 1321 2889 τῆς

58 2922 299 3012 Νακρινιτίσσης
328 2924 490 3010 οεβαομία
511 2935 732 3012 πατριαρχικῆ
761 2935 843 3012 μονῆ
867 2925 980 2990 σεπτόν
1007 2928 1064 2990 καί
1086 2927 1174 2990 θεῖον
1198 2927 1321 3011 χροσό-

60 3047 188 3130 βουλλον
211 3055 267 3134 τῆς
290 3043 385 3126 άγίας
413 3042 511 3114 αὐτοῦ
535 3047 700 3130 βασιλείας
729 3047 907 3131 ἑπιβεβαιοῑ
928 3051 985 3112 καί
1008 3047 1158 3134 ἔπικυροῑ,
1182 3049 1261 3135 πρός
1284 3047 1337 3112 δί’

61 3169 204 3248 όθίσπιίε
231 3175 289 3238 καί
316 3173 396 3258 μετά
424 3173 479 3258 τῆν
503 3181 563 3236 τῶν
591 3168 726 3250 εὐγενῶν
749 3171 924 3259 Κομνηνῶν
951 3175 1008 3237 καί
1029 3175 1192 3258 κτητόρων
1218 3173 1320 3256 παρί-

8 3371 9 3378 ,
61 3297 168 3376 λεοσιν,
192 3299 246 3362 τόν
268 3298 485 3384 περιπόθητον
509 3293 575 3362 υίδν
600 3290 710 3366 αότων,
736 3291 901 3382 ἀγαπητόν
924 3294 990 3362 υἱόν
1014 3293 1047 3362 όν
1068 3293 1149 3382 άγίιρ
1169 3295 1323 3382 πνεόματι

61 3429 109 3507 τῆς
135 3417 223 3509 ἡμῶν
253 3423 471 3506 μετριότητος,
501 3415 726 3500 εόγενίστατον
749 3418 918 3505 Κομνηνόν
946 3427 1005 3506 κδρ
1028 3418 1174 3507 Ἰωάννην
1195 3416 1320 3500 Ἄγγε-

61 3543 110 3610 λον
135 3545 344 3631 Μαλιαοηνόν
372 3545 425 3608 τόν
452 3543 677 3624 Παλαιολόγον
711 3543 912 3630 κληρονόμον
941 3543 1061 3608 τόλειον
1090 3541 1170 3608 εἶναι
1196 3545 1321 3608 πάντων

63 3677 115 3733 τῶν
137 3677 271 3748 γονικῶν
307 3661 421 3746 αότοδ,
457 3661 520 3732 ὅσα
542 3670 630 3754 παρά
654 3676 713 3732 των
737 3671 854 3747 γονέων
890 3661 987 3732 αὐτοῦ
1014 3669 1092 3754 πρός
1127 3663 1222 3732 αότόν
1250 3647 1352 3730 δια(

64 3792 164 3874 βαίνει,
187 3795 245 3859 καί
268 3793 409 3878 κτῆτορα
436 3789 517 3856 εἶναι
543 3793 601 3855 καί
624 3787 847 3876 όνομάζεοθαι
868 3800 929 3856 τῶν
954 3799 1066 3877 μονῶν,
1090 3798 1146 3876 τῆς
1170 3811 1204 3855 τε
1228 3786 1321 3854 οἰκο-

64 3915 257 4005 δομηθείσης
283 3919 373 4002 παρά
401 3923 456 3982 τοῦ
484 3919 662 4002 μακαρίτου
695 3918 824 3982 πάππου
859 3909 972 3994 αὐτοῦ,
1007 3923 1062 3982 τοῦ
1094 3909 1322 3992 εὐγενεστάτου

64 4037 222 4130 Κομνηνοδ
249 4049 309 4128 κδρ
331 4039 568 4106 Κωνσταντίνου
595 4036 807 4126 Μαλιασηνοδ
835 4037 943 4104 Δοόκα
970 4046 1025 4102 τοό
1058 4035 1237 4122 Βροεννίοο,
1267 4043 1323 4100 τσδ

66 4161 113 4228 διὰ
138 4175 191 4230 τοῦ
226 4167 321 4230 θείου
348 4167 405 4232 καί
432 4160 606 4243 ἀγγελικοό
641 4164 808 4250 σχήματος
845 4161 1144 4247 μετονομασθόντος
1176 4165 1347 4248 μοναχοδ,

65 4283 302 4370 Κωνσταντίνου,
326 4292 382 4353 καί
404 4297 460 4352 τοῦ
483 4281 713 4365 εόγενεστάτοο
736 4283 906 4370 Κομνηνοδ
929 4291 988 4369 κδρ
1005 4279 1170 4350 Νικολάου
1192 4279 1324 4348 Μαλια-

8 4467 10 4502 5
66 4421 152 4496 σηνοδ
174 4421 229 4478 τοδ
264 4411 421 4491 Ἀγγόλου
450 4409 741 4496 οίκοδυμηθτίσης,
769 4415 824 4472 τοῦ
846 4407 966 4492 πατρός
995 4400 1108 4484 αότυδ,
1132 4401 1200 4471 όπεί
1222 4413 1323 4470 ταῦτα

66 4536 286 4624 περιελάμβανε
316 4537 351 4600 τό
375 4537 466 4600 θεῖον
501 4537 557 4598 καί
581 4535 693 4598 σεπτὸν
717 4528 953 4617 χρυσόβουλλσν
987 4537 1044 4594 τοῦ
1069 4532 1242 4615 κρατίστου
1269 4533 1327 4594 καί

71 4654 152 4738 άγίοο
185 4681 245 4748 μου
275 4657 523 4746 αὐτοκράτορος,
560 4654 750 4730 ἀκολούθως
785 4654 956 4740 διορίζεται
991 4657 1047 4718 καί
1083 4651 1271 4740 όπισκῆπτοι
1304 4647 1325 4742 η
