3238 5282
763 455 991 586 xxxlll38ine
1008 477 1096 523 υιιιιο.

482 605 624 660 Nicotaus
639 603 821 660 Μαίεεέαιιυε
837 609 902 661 emit
916 607 1104 661 molendinum
1119 609 1150 661 ιἰι
1165 605 1394 679 Βπμαπκόαεπα.

455 755 720 844 Ηρατήριον
767 755 839 821 ἐπὶ
885 759 1061 844 μολικῴ
1110 755 1416 844 ἐργαστηρίῳ.

812 897 935 964 Initium
952 899 1050 966 deest.

302 1210 396 1285 κοινῇ
414 1197 522 1284 βουλη,
540 1201 648 1282 γνώμη
674 1219 706 1261 τε
729 1203 785 1262 καί
809 1195 962 1282 ἀρεσκείᾳ
986 1197 1109 1262 ἄνωθεν
1133 1205 1188 1261 τοῦ
1204 1202 1357 1282 παρόντος
1380 1195 1484 1286 ὅρους
1500 1199 1572 1270 τοός

184 1373 187 1378 -
303 1327 416 1396 τόπους
438 1331 493 1387 τοῦ
517 1325 683 1408 ζωηρόρου
707 1330 842 1406 σταυροῦ
866 1321 999 1393 οἰκείαις
1021 1320 1131 1407 χερσὶν
1149 1319 1400 1420 ἐντυπωσοίμρνοι
1424 1325 1464 1386 τό
1489 1345 1570 1406 πειρ-

303 1449 338 1512 δν
377 1445 522 1511 ἑκούσιον
554 1449 610 1510 καί
644 1443 882 1532 ἀμεταμέλητον
918 1455 973 1531 τῆς
1001 1448 1167 1530 καθαρᾶς,
1195 1457 1332 1534 φανερᾶς
1367 1448 1571 1530 διαπράσεως

302 1568 522 1657 ένυπόγραρον
555 1568 714 1656 ἔγγραφον
749 1564 837 1653 ἡμῶν
873 1571 1033 1652 τιθέμεθα
1061 1573 1117 1634 καί
1145 1577 1294 1654 ποιοῦμεν
1323 1569 1378 1632 σόν
1405 1575 1505 1633 παντί
1534 1571 1573 1653 τῴ

305 1692 393 1780 μέρει
414 1689 503 1780 ἡμῶν
526 1696 582 1756 καί
600 1690 703 1767 αὐτοῖς
727 1704 791 1765 τοῖς
814 1693 1025 1778 κληρονόμοις
1041 1697 1096 1757 καί
1116 1694 1323 1778 διακατόχοις
1346 1689 1444 1779 η’μῦιν,
1474 1691 1569 1757 ἐκου-

304 1822 380 1890 σίως
403 1819 459 1880 καί
475 1813 643 1900 ἀβιοίστως,
667 1819 823 1900 καθαρῶς
839 1820 894 1879 καί
916 1813 1160 1901 ἀρραδιοόργως,
1186 1813 1368 1889 αότοθελῦς
1389 1821 1446 1880 καὶ
1476 1813 1569 1881 αιἰτο-

301 1938 496 2026 προαιρέτως
529 1943 585 2004 καί
613 1937 671 2004 οόκ
701 1940 739 2004 έκ
767 1960 849 2012 τινος
884 1937 1027 2025 ἀνάγκης
1055 1939 1075 2027 ἢ
1103 1941 1203 2026 φόβου
1229 1939 1249 2026 ἢ
1278 1941 1375 2004 δόλου
1401 1940 1421 2028 ἢ
1449 1942 1567 2027 βίοιςῆ

303 2063 496 2152 ἀρχοντικης
522 2065 808 2140 καταδυναστείας,
846 2063 900 2126 σόν
928 2066 1093 2148 προθυμίη
1121 2063 1155 2127 δέ
1185 2064 1304 2148 μᾶλλον
1334 2061 1461 2149 ἀπάτη,
1492 2063 1567 2130 όλο·

301 2192 392 2275 ψῦχῳ
421 2190 573 2273 προθέσει
608 2191 664 2250 καί
692 2183 798 2258 ἁπλῶς
828 2185 922 2250 είπεῐν
951 2189 1031 2271 μετὰ
1059 2187 1180 2273 πολλης
1208 2186 1264 2251 καὶ
1290 2185 1378 2273 ἡμῶν
1402 2197 1460 2272 της
1487 2187 1566 2252 ἀπο-

298 2314 401 2398 δοχῆς
428 2316 484 2375 καί
511 2311 676 2397 θελήσεως
705 2308 962 2394 ἀποβαλλόμενοι
995 2314 1051 2373 καί
1086 2308 1333 2396 ἀποταττόμενοι
1363 2323 1481 2385 κοινῶς
1512 2317 1566 2396 μὲν

301 2435 331 2502 οἱ
353 2435 477 2500 ἄνωθεν
506 2436 818 2521 σιγνογραρήσαντες
842 2431 878 2497 ἐκ
903 2436 1071 2520 συμφώνου
1093 2431 1181 2520 ἡμῶν
1211 2433 1386 2520 ὁμολογίας
1409 2440 1467 2498 καί
1494 2435 1566 2499 ἐπε·
1607 2499 1608 2514 ,

297 2563 462 2647 ρωτήσεως
490 2569 593 2624 πᾶσαν
623 2564 679 2624 καί
706 2563 857 2625 παντοίαν
884 2558 1042 2623 ίδιωτείαν
1072 2564 1127 2626 καί
1156 2557 1337 2646 ἀγροικίαν,
1375 2559 1563 2644 ἀποβαλλό-
1607 2521 1608 2612 λ

298 2686 387 2770 μεθα
413 2685 449 2746 δέ
470 2693 575 2748 πᾶσαν
599 2689 655 2747 καί
677 2687 828 2748 παντοίαν
857 2688 1038 2761 γυναικείαν
1063 2685 1236 2748 ἀσθένειαν
1259 2688 1314 2748 καί
1339 2682 1479 2771 ἀπάτην,
1509 2687 1561 2768 τὴν

299 2811 379 2894 μετὰ
412 2805 531 2870 διετίαν
566 2806 756 2893 έπεριότησιν
785 2811 841 2870 καί
876 2803 953 2872 αὐτὸ
988 2809 1023 2871 τό
1059 2809 1254 2889 βελλιοίνειον
1289 2811 1396 2892 δόγμα
1424 2812 1461 2872 τό
1495 2819 1559 2879 ταῖς

299 2929 519 3017 ἀπατωμένους
542 2931 660 3010 γυναιξί
681 2932 921 3016 προσβοηθοῦν,
944 2933 1021 3015 πρός
1045 2927 1126 3014 ὑμᾶς
1150 2931 1220 3003 τούς
1244 2929 1420 3016 δμοίόγους
1443 2953 1558 2995 πανευ-
1606 2997 1607 3000 ,

298 3059 517 3135 γτνεστάτους,
548 3057 600 3118 τόν
627 3077 661 3117 τε
687 3055 898 3139 περιπόθητον
933 3056 1076 3139 γαμβρόν
1105 3064 1159 3118 τοῦ
1194 3065 1346 3139 κραταιοῦ
1375 3059 1432 3117 καί
1468 3053 1559 3133 ἁγίου
1606 3029 1607 3032 ¹

296 3175 386 3266 ἡμῶν
414 3173 569 3244 αὐθέντου
597 3183 652 3242 καὶ
681 3177 849 3260 βασιλέως,
884 3188 942 3262 κῦρ
966 3176 1126 3243 Νικόλαον
1161 3177 1326 3263 Κομνηνόν
1356 3182 1409 3242 τόν
1432 3177 1558 3243 Μαλια-

299 3305 404 3388 σηνόν,
431 3306 487 3366 καί
514 3301 569 3387 τὴν
590 3303 803 3387 περιπόθητον
828 3303 959 3380 σόζυγόν
985 3323 1051 3378 σου,
1081 3303 1136 3387 την
1163 3303 1395 3387 ποθεινοτάτην
1428 3300 1556 3386 ἀνεψιὰν

296 3433 351 3489 τοῦ
385 3433 539 3510 κραταιοῦ
573 3428 630 3488 καί
665 3421 757 3503 ἁγίου
785 3419 873 3509 ἡμῶν
902 3421 1060 3488 αόθέντου
1087 3429 1143 3488 καί
1172 3426 1342 3508 βασιλέως,
1378 3425 1555 3490 Δοόκαιναν
1605 3423 1606 3475 ί

294 3545 551 3626 Παλαιολογίναν
589 3551 686 3632 κορὰν
718 3545 837 3611 ’Ἅνναν
871 3545 1039 3633 Κομνηνήν
1075 3549 1129 3632 τὴν
1163 3547 1384 3634 Μαλιασηνὴν,
1424 3551 1480 3612 καὶ
1517 3549 1554 3609 δι’

295 3667 381 3757 ὑμῶν
414 3673 492 3756 πρός
526 3671 580 3756 την
607 3671 679 3756 παρ’
715 3665 813 3755 αὐτῆς
838 3669 1138 3757 ἀνεγερθησομένην
1168 3674 1345 3758 σεβασμίαν
1371 3673 1471 3758 μονὴν
1493 3693 1554 3736 πα-

296 3796 481 3882 τριαρχικην
509 3795 564 3880 τὴν
588 3793 631 3866 εἰς
655 3790 756 3879 ὄνομα
779 3797 956 3880 τιμωμένην
980 3805 1034 3859 τοῦ
1058 3799 1160 3879 τιμίου
1189 3797 1381 3872 πανενδόξου
1409 3795 1554 3882 Προδρό·
1604 3883 1605 3888 ¹

296 3941 356 4006 μου
380 3929 435 4006 τῆς
456 3917 544 3990 Νέας
566 3917 688 4003 Πέτρας
711 3921 767 3982 καί
789 3920 865 4002 πρός
888 3921 923 3981 τό
948 3915 1029 3982 ἅπαν
1054 3921 1149 4003 μέρος
1171 3923 1227 3983 καὶ
1249 3920 1404 4005 πλήρωμα
1429 3921 1551 4003 ταύτης,

294 4045 408 4116 καθὼς
431 4043 667 4130 δηλωθήσεται.
696 4045 834 4125 καὶγὰρ
858 4041 964 4128 ἐπειδη
989 4041 1050 4106 ἀπό
1074 4052 1130 4128 τῆς
1157 4039 1239 4120 ἄγαν
1262 4049 1477 4128 στενοχωρίας
1499 4045 1551 4104 καί

293 4171 453 4253 πτωχείας
475 4161 563 4253 ἡμῶν
587 4175 643 4253 τῆς
666 4169 940 4251 προγεγενημένης
967 4161 1040 4250 ἡμῖν
1064 4163 1101 4230 ἐκ
1124 4176 1181 4253 της
1204 4168 1414 4252 πολυχρονίου
1438 4188 1550 4249 κοσμι-

293 4301 353 4378 κῆς
381 4292 538 4364 σιτοδείας
562 4291 805 4374 κατηντήσαμεν
829 4287 872 4361 εἰς
894 4289 1032 4373 παντελῆ
1057 4287 1202 4372 ἀπορίαν,
1232 4286 1274 4362 ὡς
1297 4293 1353 4353 καί
1376 4285 1474 4374 αότης
1497 4297 1549 4372 τῆς
1603 4283 1604 4332 ι

294 4413 474 4494 ἀναγκαίας
501 4419 616 4500 τροφῆς
640 4407 856 4497 ὑστερεῖσθαι,
884 4409 1059 4477 κάντεῦθεν
1087 4413 1327 4497 κινδυνεύσομεν
1351 4417 1548 4499 λιμαγχονη-

293 4541 393 4625 θῆναι
427 4538 481 4603 σόν
510 4549 575 4609 τοῖς
602 4533 766 4622 ἀνηλίκοις
798 4540 906 4600 παισίν
933 4532 1035 4622 ἡμῶν,
1070 4536 1240 4620 διέγνωμεν
1264 4533 1307 4610 ὣς
1334 4536 1383 4601 έπί
1409 4537 1549 4600 παντελεῖ

293 4661 462 4744 διαπράσει
486 4659 725 4746 ἔκποιήσασθαι
749 4659 785 4721 τὸ
814 4661 940 4736 γονικόν
965 4681 1027 4744 μας
1050 4669 1180 4743 πρᾶγμα
1209 4659 1402 4744 μυλοθέσιον
1427 4657 1546 4742 ἀνενέρ-
1602 4747 1603 4762 χ
