3228 5296
1305 247 1347 340 τι

42 483 104 535 τως
135 460 418 552 ἑπικεκλημένης
449 477 510 531 τῶν
539 463 690 553 Λέμβων,
720 465 912 553 ἀναδραμὼν
942 465 986 541 εὶς
1014 469 1068 552 τὴν
1093 468 1258 550 βασιλείαν
1283 475 1351 552 μου·

41 590 169 674 ἐδεήθη
191 585 306 675 αάτῆς
321 591 570 676 χρυσοβυύλλου
587 601 691 678 τυχεῖν
708 601 762 678 τῆς
780 593 945 675 βασιλείας
963 615 1033 678 μου,
1051 591 1272 677 έπικορούντος
1288 593 1346 654 καί

41 712 248 797 &puzzo-no<
268 717 313 777 τὰ
330 719 495 799 προσόντα
512 719 610 802 ταύτη
627 717 839 801 δικαιώματα,
857 719 891 778 τύ
909 739 942 780 τε
960 715 1197 802 χρυσύβουλλον
1214 725 1268 780 τοῦ
1286 735 1345 800 μα·

39 843 175 922 zap-1:66
197 839 377 921 βασιλέως
396 837 531 916 ἐκείνου,
549 835 705 904 αύθέντου
720 841 776 903 καί
793 841 885 903 θείου
902 849 956 926 της
973 839 1138 923 βασιλείας
1156 860 1226 924 μου,
1247 845 1344 924 κυροδ

39 961 190 1026 Ἰωάννου
220 971 287 1026 τοῦ
306 962 430 1044 Δούκα,
458 961 541 1026 ἀλλά
558 963 596 1049 δη
613 967 669 1027 καί
686 966 724 1026 τά
745 965 976 1049 προστάγματα
997 967 1036 1027 τά
1055 961 1129 1049 παρ’
1149 961 1282 1042 ἐκείνου,
1304 965 1348 1026 τά

39 1083 93 1149 καὶ
118 1094 180 1172 τρύ
212 1084 383 1170 ἀοιδίμου
410 1088 565 1170 βασιλέως
590 1085 711 1150 ἐκείνου
727 1089 782 1150 καί
812 1083 985 1172 έξαδέλιρου
1006 1095 1061 1174 τῆς
1083 1087 1248 1170 βασιλείας
1271 1107 1343 1172 μου,

39 1219 132 1294 ιορού
153 1211 355 1296 Θεοδώρου
371 1221 426 1275 τοῦ
442 1209 604 1295 Λάσκαρι,
621 1207 641 1296 ἡ
660 1211 808 1294 βασιλεία
829 1231 889 1296 μου
905 1211 984 1296 πρδς
999 1211 1054 1296 τὴν
1075 1211 1185 1297 δέησιν
1206 1217 1261 1274 τού
1281 1185 1344 1295 δηᾸ

38 1332 209 1406 λυθέντος
243 1337 451 1420 τιμιωτάτου
474 1337 724 1421 καθηγουμένου
754 1345 809 1399 τού
833 1333 1046 1420 ἱερομονάχου
1069 1333 1248 1420 Γερασίμου
1273 1332 1342 1398 ἐπι-

38 1461 139 1530 τλινές
172 1451 241 1530 οὖς
276 1465 490 1544 προσχούσα,
528 1457 670 1543 ἀσμένως
700 1452 796 1542 αὐτὴν
824 1458 955 1544 δέχεται
981 1461 1037 1522 καί
1065 1457 1198 1544 ἑτοίμως
1228 1457 1346 1543 πληροῖ

40 1587 89 1646 ιαῖ
117 1586 178 1646 τάν
214 1585 380 1666 παρόντα
407 1583 645 1668 χρυσύβουλλον
674 1583 769 1660 λύγον
801 1577 899 1667 αὐτῆς
928 1580 1072 1667 ἐπορέγει
1099 1593 1138 1668 τη
1168 1577 1216 1646 ἀπ’
1249 1577 1345 1646 αύτύν

42 1709 209 1792 τεβασμία,
245 1717 342 1792 μονῇ
373 1715 428 1794 τῆς
459 1707 622 1788 βασιλείας
653 1727 712 1792 μου
737 1716 797 1770 τῶν
822 1703 972 1790 Λέμβων,
1001 1705 1041 1770 δι’
1065 1703 1101 1769 ού
1125 1711 1181 1771 καί
1205 1707 1342 1792 διορίζε-

40 1855 96 1908 ται,
128 1834 168 1894 τὸ
206 1835 360 1916 στέργον
387 1829 473 1915 ἔχειν
498 1835 553 1894 καί
578 1828 811 1916 ἀπαρέγιιλιτον
839 1834 940 1916 πάντη
970 1833 1008 1893 τά
1032 1828 1075 1902 ὡς
1099 1829 1220 1926 εἴρηται
1242 1851 1343 1916 προσ·

40 1959 108 2018 ύιτα
143 1957 264 2039 ταύτῃ
307 1953 442 2039 χαρτιρα
465 1955 680 2040 δικαιώματα,
710 1957 761 2017 τάν
786 1975 818 2018 τε
843 1955 1081 2040 χρυούβουλλον
1105 1965 1159 2020 τού
1196 1952 1344 2038 ἀοιδίμου

41 2080 203 2158 βασιλέως
240 2078 398 2178 ἐκείνου,
428 2073 583 2141 αύθέντου
611 2083 667 2142 καί
695 2081 787 2142 θείου
816 2087 870 2163 τῆς
895 2077 1060 2161 βασιλείας
1085 2099 1155 2164 μου,
1182 2081 1343 2164 προστάγ-

41 2207 118 2284 ματά
145 2225 185 2266 τε
214 2207 287 2264 καί
312 2202 413 2264 λοιπὰ
437 2203 513 2286 πρὸς
536 2205 641 2274 παίσας
670 2205 726 2275 τάς
749 2203 932 2288 περιληψεις
960 2207 1016 2266 καί
1039 2202 1206 2278 διαστίίεις
1231 2199 1343 2279 αύτύιν,

41 2326 113 2392 δστε
139 2331 323 2412 κατέχειν
343 2326 416 2397 τούς
442 2323 474 2388 έν
495 2335 532 2411 τῇ
554 2327 683 2411 τοιαύτη
702 2337 782 2412 μονῇ
806 2327 968 2412 μοναχούς
992 2325 1049 2390 καὶ
1068 2329 1225 2412 νέμεσθαι
1250 2325 1341 2390 ἀνεν-

1 2469 2 2480 ’
42 2455 190 2538 τχλήτως
226 2447 372 2514 ἅπαντα
400 2452 439 2512 τὰ
466 2453 639 2534 πράγματα
667 2460 723 2535 της
752 2452 899 2536 τοιαύτης
929 2460 1027 2536 μονῆς
1056 2453 1095 2515 τὰ
1121 2451 1153 2514 έν
1178 2451 1342 2536 διαφόροις

1 2629 2 2662 ,
41 2577 133 2642 εἴδεσι
171 2575 408 2660 θεωρούμενα
443 2571 500 2638 καὶ
535 2572 566 2638 έν
595 2586 658 2646 τοῖς
686 2575 862 2662 δηλωθείσι
897 2575 1093 2660 δικαιώμασι
1128 2578 1212 2639 κατὰ
1249 2579 1343 2666 μέρος

1 2729 2 2786 3
41 2701 327 2786 περιειλημμένα,
350 2695 448 2783 ἤγουν
474 2700 608 2783 μετύχια
624 2700 663 2762 τὰ
680 2696 711 2762 έν
737 2696 847 2774 ἄλλοις
871 2701 926 2764 καί
951 2697 1061 2773 ἀλλοις
1085 2703 1192 2772 τύποις
1216 2701 1341 2763 διακεί-

1 2795 2 2806 *
44 2848 129 2908 μεια,
162 2827 308 2911 χωρία,
342 2825 516 2906 παροίκους
544 2843 576 2884 τε
602 2825 657 2885 καί
682 2823 787 2898 ξένους
811 2825 867 2886 καί
892 2820 1156 2900 ἀνεπιγνύστους,
1182 2833 1239 2914 γην
1264 2819 1343 2916 ὅσην

46 2947 201 3035 ἐρίτιμον
230 2949 299 3010 καί
327 2940 407 3030 ὅσην
425 2945 624 3030 νομαδιαίαν,
651 2943 850 3030 ἀμπελῶνας,
874 2947 1050 3032 περιβύλια,
1078 2943 1193 3010 έλαϊκὰ
1217 2945 1343 3033 δένδρα,Ι

1 3099 2 3146 γ
47 3071 259 3158 ύδρομυλιτιὰ
293 3066 507 3154 ἐργαστήρια,
543 3071 577 3132 τὰ
608 3068 640 3134 έν
669 3068 715 3154 τιρ
742 3070 850 3152 κόλπῳ
880 3079 935 3158 τῆς
964 3070 1109 3155 Σμύρνης
1139 3051 1342 3154 βιβάριοντό

49 3195 348 3284 ἐπονομαζόμενον
373 3191 390 3258 δ
413 3191 513 3278 Γῦρος
537 3197 617 3278 μετὰ
646 3203 706 3257 τῶν
735 3194 866 3257 δικαίων
898 3191 994 3258 αὐτοῦ
1027 3205 1087 3258 τῶν
1115 3192 1176 3266 έως
1206 3201 1261 3278 της
1286 3196 1344 3278 σή-

50 3344 138 3406 μερον
176 3321 429 3405 κατεχομένων
456 3319 511 3379 καί
527 3319 707 3402 νεμομένων
734 3321 820 3402 παρὰ
848 3319 902 3403 της
932 3325 1039 3403 μονῆς,
1068 3315 1264 3404 δθενδηποτε
1289 3321 1344 3381 καί

51 3445 272 3532 ἰπωσδήποτε
311 3441 474 3526 περιῆλθε
498 3451 597 3505 ταῦτα
621 3440 663 3526 τιβ
697 3445 785 3527 μέρει
809 3451 864 3528 τῆς
899 3441 1103 3528 δηλωθείσης
1138 3435 1245 3528 μονῆς,
1283 3439 1344 3504 ε’ίιέ

52 3569 105 3636 ἀπὸ
135 3575 227 3656 δωρε
231 3580 279 3641 ᾱς
307 3575 371 3628 τῶν
397 3560 550 3650 ἀοιδίμων
576 3565 686 3648 βασιέλ
690 3589 731 3627 ων
761 3565 890 3628 ἐκείνων
915 3575 974 3628 τῶν
997 3576 1178 3650 προσγενιδν
1203 3589 1258 3652 της
1243 3563 1343 3648 ςβα-

53 3699 168 3770 τιλείας
201 3714 286 3780 μου,
323 3685 385 3752 εἴτε
415 3685 477 3751 ἀπὸ
502 3699 698 3774 κτητοριτιων
722 3689 868 3765 δικαίων,
899 3685 961 3752 εἴτε
985 3693 1046 3754 απὸ
1073 3687 1300 3804 έξωνησεως
1286 3689 1345 3753 τῶν

55 3834 145 3984 εχτῄ
177 3817 331 3898 τοιαύτη
371 3823 452 3898 μονῇ
481 3823 643 3898 μοναχῶν,
680 3811 741 3876 εἴτε
770 3811 802 3887 ἐξ
829 3812 873 3876 λδ
875 3835 917 3875 ων
950 3815 1068 3877 τούτων
1102 3791 1342 3922 ἀναστημάτδιν,

1 3967 66 4030 γε
93 3943 183 4010 εάπ
186 3945 205 4007 ὁ
239 3941 387 4024 προσενέ
390 3937 467 4010 ξεως
496 3947 583 4000 τινων
612 3937 835 4042 ιριλοχρίοτων,
867 3935 927 4000 εἴτε
959 3935 1164 4044 ἀλλοτρύπως
1188 3913 1345 4000 6666·-

1 4039 2 4044 χ
55 4092 139 4134 καιον
169 4070 282 4146 λόγον
315 4064 583 4148 προσηρμύσαντο
609 4061 717 4146 ταύτη,
750 4061 864 4135 καθὼς
893 4065 1085 4148 κατέχονται
1120 4071 1219 4125 ταῦτα
1250 4057 1345 4146 μέχρι

57 4197 224 4279 τῇςσημε
228 4209 289 4276 ρον
328 4189 418 4270 παρά
447 4191 501 4248 τού
536 4187 652 4270 μέρους
682 4177 789 4278 αύτης.
826 4185 911 4286 ταῦτ
939 4179 993 4250 οάν
1022 4179 1146 4250 ἅπαντα
1173 4155 1344 4270 εύδοκέῐῆ

1 4319 119 4398 6²⁵
93 4320 205 4382 6666
239 4335 309 4400 μου
339 4310 396 4372 διά
425 4317 479 4372 τοῦ
507 4311 661 4393 παρέντος
689 4279 928 4394 χρυσοβυύλλου
953 4309 1050 4388 λύγου
1075 4303 1171 4394 αύτῆς
1195 4302 1345 4394 κατέχειν

1 4461 2 4479 ¹
59 4445 215 4528 ’ἡμέρας
248 4445 312 4522 τῆς
338 4431 510 4544 ειρημένης
532 4453 629 4517 μονης
654 4435 709 4496 καί
734 4454 765 4496 ν
753 4431 929 4518 έμεσθαι
915 4435 1114 4518 απερικύπως
1138 4427 1239 4509 παντί,
1261 4429 1345 4496 ἀπε·

85 4570 244 4635 τπτὶστςω
282 4583 320 4624 τε
351 4559 411 4620 καὶ
435 4553 703 4656 ἀδιασείστως,τ
688 4581 729 4632 ως
759 4555 824 4644 ἀμε
802 4547 945 4630 Αίλοιτυς
968 4567 1021 4621 τού
1051 4551 1195 4621 τοιούτου
1223 4554 1346 4643 χ’ρυσο-

64 4667 1347 4771 62660667666⁵6&'wotenwdtm11136611666tw'1626·321'-·
