3190 5284
254 249 314 312 134

251 462 325 525 μου,
360 445 399 506 τὰ
426 445 483 505 καί
517 441 709 528 διαφέροντα
738 463 792 526 μοι
819 443 875 506 καί
903 442 1091 526 διακείμενα
1126 436 1159 504 ὲν
1182 449 1222 526 τῇ
1250 438 1432 520 τοποθεσία
1472 439 1544 498 τοῦ

251 561 384 650 Πραύλη
413 569 453 630 τὰ
483 568 539 630 καί
565 566 767 652 πλησιαστὰς
799 564 918 650 ἔχοντα
941 563 1014 638 τούς
1039 566 1149 636 θείους
1185 583 1246 648 μου
1281 561 1354 634 τούς
1380 559 1545 646 Βαρίτας

251 691 309 752 καί
336 685 369 764 ἐξ
402 686 557 774 ἑτέρωθεν
586 691 626 754 τὰ
659 699 715 775 τῆς
750 699 848 775 μονῐγς
876 697 931 753 τού
967 691 1070 774 τιμίου
1105 685 1257 771 Σταυρού,
1293 681 1370 749 ιδσεί
1404 683 1546 756 δεκαέξ

253 808 329 876 ύντα
364 815 443 897 μετὰ
476 815 599 876 ποίντων
640 821 700 876 των
732 812 864 876 δικαίων
903 814 959 876 καί
998 815 1175 896 προνομίων
1216 805 1318 874 αύτων
1356 829 1388 872 κ.
1425 830 1453 872 τ.
1506 807 1543 870 λ.

366 939 619 1022 περιεστήσαμεν
653 933 840 1002 αύτὰ....
876 934 923 1010 είς
961 931 1123 1021 ύπέρπυρα
1156 935 1287 1010 δεκαέξ,
1321 933 1343 998 ἃ
1383 932 1425 1018 δὴ
1469 931 1546 996 λα-

253 1061 361 1143 βόντες
374 1109 381 1125 .
395 1109 402 1124 .
418 1110 448 1125 ..
474 1058 709 1146 έκχωρούμιθα
730 1083 781 1125 σοι
804 1057 1015 1144 ἐπιλαβέσθαι
1039 1054 1141 1125 αύτων
1158 1109 1165 1124 .
1184 1109 1191 1124 .
1210 1108 1217 1122 .
1236 1108 1244 1122 .
1268 1061 1325 1122 καί
1340 1053 1544 1143 ὁμολογοῦ-

251 1204 308 1269 μεν
325 1233 332 1248 .
351 1233 358 1248 .
376 1233 410 1249 ..
446 1185 489 1271 μή
519 1182 564 1256 τίς
594 1181 772 1270 ἀνατροπὴν
800 1188 857 1248 καὶ
885 1184 1097 1270 μεταμέλειαν
1125 1185 1242 1270 ταύτης
1266 1177 1348 1256 ὅλως
1372 1189 1543 1267 χωρῆσαι

252 1357 337 1372 ....
363 1305 447 1372 ἀλλὰ
470 1319 509 1394 τη
533 1306 688 1394 έμφανείιγ
709 1315 765 1372 που
786 1311 941 1392 παρόντος
965 1304 1052 1396 ἡμων
1077 1305 1237 1395 ἐγγράφου
1254 1303 1542 1391 ἀποπιμπιύμεθα

251 1429 410 1516 ἄπρακτοι
436 1435 493 1496 καί
526 1432 854 1518 καταδεδικασμένοι,
884 1429 1093 1517 ἀποδώσομεν
1121 1432 1156 1494 δέ
1184 1433 1241 1494 καί
1264 1427 1309 1503 τίς
1332 1431 1367 1492 τύ
1393 1428 1541 1512 βασιλι-

251 1558 309 1620 κύν
337 1556 514 1641 βεστιιίριυν
542 1551 703 1642 ύπέρπυρα
731 1554 835 1620 εἴκοσι
861 1559 918 1620 καὶ
950 1557 986 1620 τύ
1020 1559 1142 1641 τίμημα
1176 1549 1280 1619 αὐτῶν
1315 1550 1364 1618 έπί
1398 1555 1437 1616 τύ
1476 1574 1540 1615 τε-

252 1678 408 1764 τραπλοῦν
440 1699 471 1744 κ.
512 1702 538 1744 τ.
579 1679 608 1744 λ.
644 1675 788 1767 ὀφείλετε
823 1679 859 1743 δὲ
895 1677 1045 1744 ἐπιτελεῖν
1079 1675 1150 1742 κατ’
1190 1677 1262 1753 ἔτος
1298 1675 1539 1762 ἀνεπαυξητως

253 1801 372 1889 ἄστρον
402 1803 435 1868 ἓν
552 1805 638 1868 κατὰ
666 1806 806 1890 μάρτιον.
832 1807 937 1890 μηνί
962 1801 1127 1887 ἰουλίιμ
1160 1799 1241 1867 ὶνδ.
1274 1799 1415 1887 έκτης
1445 1809 1540 1865 τοῦ

258 1928 362 2013 Ιςψω’
390 1925 469 2010 (sic)
491 1930 520 2007 †.

341 2066 458 2152 Signa
490 2068 652 2153 μαρτύρων
680 2067 846 2153 Θεύδωρου
870 2073 924 2136 τού
951 2065 1128 2152 Μαρτίνου,
1162 2064 1329 2132 Νικολάου
1363 2073 1418 2130 τού
1448 2063 1538 2132 Κα-

252 2191 356 2274 καβᾱ,
390 2189 530 2265 Λέοντος
553 2198 608 2256 τοῦ
632 2187 787 2277 Ἀρμένη,
814 2189 949 2278 Μιχαὴλ
977 2199 1031 2255 τοῦ
1058 2189 1245 2276 Μαιίούκη,
1273 2190 1443 2276 Θεοδώρου
1467 2201 1539 2256 τοῦ

251 2313 398 2400 Βαρίτου.

341 2451 605 2542 γ’ίωοίννης,
634 2449 1541 2542 ἀναγνωστηςκαίνομικύςτῆςἁγιω-

255 2582 397 2666 τάτης
435 2579 772 2666 μητροπόλεως
817 2578 1027 2666 Σμύρνης
1070 2582 1149 2643 καί
1187 2576 1379 2664 ένορίας
1415 2574 1544 2642 Μαν-

255 2697 1541 2790 ταίας,ὁΦωκᾶς,γρύψαςκαίμαρτορωνύπέγραψαῒ.

510 2964 616 3033 LXVI.
635 2967 867 3046 6740-1232,
884 2985 992 3032 mense
1007 2964 1128 3044 martio,
1144 2965 1210 3032 ind.
1228 2967 1263 3034 V.

475 3097 596 3154 Νίαείαο
613 3095 737 3152 Cabum
753 3107 779 3151 εί
793 3116 865 3152 αποι-
879 3099 1051 3153 monasterio
1066 3097 1191 3154 οεπάαιιί
1206 3099 1306 3156 olivae.

343 3245 454 3328 †'l'&
488 3249 750 3334 πρατήριον
785 3245 962 3322 τῶνεὶς
990 3255 1068 3311 τοῦ
1095 3247 1370 3334 Παναρέτου
1405 3246 1540 3312 ἐλαῖ-

256 3381 338 3437 κῶν
362 3370 552 3456 δένδρων
576 3379 648 3435 τού
671 3369 880 3458 Καβυύρη
904 3375 1074 3457 καὶτῆς
1097 3375 1311 3452 γυναικύς
1335 3367 1472 3436 αύτοῡ
1499 3372 1538 3456 †.

346 3509 476 3596 Signa:
505 3509 632 3599 Νικήτα
656 3522 711 3578 τού
735 3511 888 3600 Καβούρη
915 3516 970 3577 καί
993 3507 1154 3586 Εύδοκίας
1178 3522 1234 3599 τῆς
1258 3515 1391 3600 σομβίοο
1416 3509 1537 3580 αὐτοῦ.

345 3655 366 3731 †
394 3641 447 3717 Ἐν
483 3649 615 3738 θνύματι
643 3673 674 3718 κ.
705 3676 730 3718 τ.
761 3653 790 3718 λ.
825 3651 969 3740 Νικητας
998 3650 1015 3717 θ
1042 3651 1214 3740 Καβούρης
1248 3657 1305 3718 καί
1335 3651 1481 3720 Εύδοκία
1513 3653 1538 3744 ἡ

258 3776 369 3842 τούτου
393 3776 528 3855 σύζυγος
550 3797 581 3840 κ.
606 3799 632 3841 τ.
657 3777 685 3841 λ.
711 3775 765 3862 την
785 3785 948 3862 παροῦσαν
970 3776 1129 3865 ἔγγραφον
1152 3782 1210 3842 καί
1234 3776 1450 3868 ένοπύγραρον
1468 3829 1476 3844 .
1496 3829 1505 3844 .
1528 3831 1537 3847 .

257 3909 370 3985 πρᾶσιν
388 3951 395 3965 .
413 3949 421 3965 .
439 3947 447 3965 .
465 3950 472 3964 .
494 3908 646 3986 ποιοῦμεν
663 3950 669 3964 .
688 3950 696 3965 .
714 3949 721 3964 .
740 3950 747 3965 .
771 3901 849 3986 πρὸς
867 3905 914 3980 σὲ,
936 3904 990 3967 τὸν
1004 3899 1263 3989 πανηγιαομένυν
1278 3905 1539 3990 καθηγούμενον

258 4033 314 4111 τῆς
342 4025 520 4110 σεβασμίας
555 4023 724 4112 βασιλικῆς
752 4021 846 4104 ἁγίας
882 4034 979 4112 μονῆς
1013 4034 1070 4112 τῆς
1097 4028 1322 4112 παναχροίντοο
1356 4027 1537 4115 δεσποίνης

257 4144 347 4236 ἡμῶν
368 4151 527 4214 θεοτύκου
548 4156 603 4234 τῆς
626 4145 880 4235 Λεμβιωτίσσης,
906 4157 964 4232 κύρ
991 4147 1183 4236 Γεροίσιμον,
1207 4155 1264 4216 καί
1291 4153 1346 4216 διὰ
1369 4160 1427 4216 σού
1450 4156 1539 4238 πρὸς

260 4273 296 4337 πδ
332 4269 390 4337 ύπύ
419 4273 474 4359 τήν
502 4273 649 4357 τοιαύτην
684 4273 782 4358 μονὴν
810 4269 894 4337 ἅπαν
929 4276 1048 4357 μέρος.
1067 4323 1074 4338 .
1092 4322 1125 4339 ..
1161 4277 1217 4340 καί
1252 4279 1313 4361 γὰρ
1342 4279 1382 4339 τὰ
1412 4271 1541 4342 έλαϊκόι

261 4397 378 4484 δένδρα
406 4399 445 4461 τὰ
479 4401 536 4462 καί
563 4398 752 4482 διακείμενα
780 4393 812 4461 έν
841 4395 883 4481 τῷ
913 4401 1020 4482 χωρίῳ
1049 4406 1103 4462 τού
1126 4398 1314 4485 Παναρέτου
1342 4403 1382 4464 τὰ
1404 4404 1540 4485 περιελ·

262 4523 365 4586 θύντα
393 4543 447 4606 μοι
475 4517 513 4584 έκ
539 4524 670 4608 προικύς
701 4542 761 4606 μου
790 4523 830 4584 τὰ
858 4523 913 4585 καί
936 4522 1070 4607 πλησίον
1098 4533 1158 4588 των
1182 4525 1318 4610 δένδρων
1341 4535 1401 4588 των
1425 4531 1542 4614 πρώην

265 4641 510 4730 ίξωνηοαμένων
534 4656 573 4731 τῇ
589 4641 648 4710 ύπύ
673 4649 708 4710 σὲ
726 4641 804 4728 ἁγία
828 4655 908 4731 μονη
933 4642 995 4710 ἆπδ
1019 4653 1073 4710 τού
1091 4649 1247 4733 πενθεροῦ
1272 4671 1343 4734 μου,
1360 4657 1415 4714 τού
1439 4649 1541 4734 Λεγᾶ
