3168 5274
269 257 333 318 306

269 445 376 511 ἐθέλει
405 448 502 534 δῆλον
528 449 680 526 γενέσθαι
705 448 747 532 τῷ
773 447 968 534 δικαστηρίω
993 441 1032 510 δι’
1059 443 1224 534 ἡμεδαποῦ
1253 448 1478 532 σημειύματος
1507 447 1540 508 τύ

270 569 442 656 ἐλευθέραν
467 574 568 656 πάντη
592 573 648 634 καί
679 565 912 635 αύτυδέσποτον
937 569 1016 636 εἶναι
1045 572 1099 658 τὴν
1122 571 1272 656 τοιαύτην
1295 569 1393 654 μονὴν
1416 573 1475 636 καὶ
1498 571 1540 653 μὴ

270 693 327 760 ύπύ
357 699 396 760 τὰ
432 695 688 781 έκκλητιασεικὰ
717 696 815 759 τελεῖν
850 695 962 760 δίκαιοι
990 699 1045 760 καί
1080 695 1134 760 διὰ
1163 703 1264 760 ταῦτα
1299 693 1380 782 μηδέ
1407 691 1540 778 ἐντολῆς

269 819 398 882 δεῖσθαι
421 827 655 906 πατριαρχικης
679 818 723 892 τίς
747 821 783 883 τύ
809 816 1040 906 ἀνακρίνεαθαι
1070 817 1113 906 τῷ
1135 819 1352 884 ίιντιθιτοῦνττ
1376 813 1458 904 αύτη
1484 821 1539 900 μέ-

270 963 324 1025 ρει·
351 940 387 1006 ὲκ
411 942 536 1004 πολλῶν
561 945 621 1026 γύιρ
646 941 707 1029 έρη
733 940 900 1022 ἐπιγνῶναι
924 944 979 1030 τὴν
1003 937 1100 1007 αύτοῦ
1133 939 1287 1028 ἁγιότητα
1311 943 1345 1006 τύ
1370 939 1540 1026 ἐλεύθερον

268 1070 325 1130 καί
350 1063 531 1130 ἀδούλωτον
556 1077 612 1152 της
636 1069 784 1152 τοιαύτης
809 1076 923 1153 μονῆς.
953 1063 1016 1153 ούχ
1039 1063 1133 1155 ἧττον
1157 1067 1192 1131 δέ
1216 1071 1272 1132 καί
1296 1065 1357 1131 ἀπύ
1382 1075 1439 1130 τοῦ
1462 1085 1539 1150 προ-

269 1191 483 1274 κομισθένεος
520 1202 558 1276 τη
589 1185 685 1256 αύτοῦ
722 1185 865 1276 ἇγιύτηττ
900 1195 987 1276 παρὰ
1022 1199 1077 1256 τοῦ
1107 1185 1263 1280 ῥηθέντος
1290 1191 1541 1276 καθηγουμένου

271 1319 402 1378 τοπικοῦ
437 1321 493 1399 τῆς
522 1315 671 1400 τοιαύτης
707 1319 806 1400 μονῆς
841 1321 896 1380 τού
925 1312 957 1378 έν
994 1318 1082 1400 μέρει
1109 1310 1224 1380 ούτωαί
1252 1314 1432 1389 διεξιόντος.
1463 1310 1480 1377 ὁ
1508 1313 1540 1392 δὲ

269 1440 429 1524 θεορύρος
453 1439 557 1524 πατηρ
580 1437 886 1523 προσκαλεσάμενος
909 1447 1014 1503 πᾶσαν
1045 1440 1099 1523 τὴν
1125 1435 1157 1500 ἐν
1180 1435 1305 1523 Χριστῷ
1327 1434 1540 1525 ἀδελρύτητα,

270 1563 496 1647 συμπαρόντων
520 1563 577 1625 καί
599 1571 660 1626 τῦν
683 1563 925 1648 προρρηθέντων
952 1565 1107 1647 ποιμένων
1131 1564 1188 1626 καί
1214 1557 1379 1646 Εύθυμίοο
1406 1561 1540 1642 κουβοο-

269 1685 414 1750 κλτοτίου
442 1689 499 1750 καί
525 1681 765 1772 Θεοφολοέκτοο,
792 1682 962 1770 δνθρύποο
986 1693 1040 1750 τοῦ
1065 1682 1245 1765 ἁγιωτάτοο
1273 1681 1331 1750 καί
1360 1683 1540 1770 οίκουμενι-

270 1817 331 1874 κοῦ
354 1811 566 1894 πατριάρχου,
603 1806 646 1882 ύς
682 1805 918 1882 ἀποσταλέντος
941 1809 996 1874 δια
1024 1831 1094 1876 τινα
1123 1807 1255 1890 εύλογον
1283 1811 1441 1896 πρέρασιν
1469 1811 1540 1892 τρίς

272 1930 377 2008 αύεύν,
406 1934 493 2013 λέγει
522 1929 629 2007 αύτοίς
657 1931 703 2007 είς
731 1933 871 2019 έπηκοον
898 1936 1032 1998 πάντων·
1060 1941 1121 1998 ποῦ
1148 1931 1279 2008 θέλετε,
1308 1929 1414 2008 τέκνα,
1441 1955 1540 1996 κατα-

271 2059 369 2143 λείψω
393 2053 485 2142 ύμᾱς,
516 2054 624 2143 ἐπειδὴ
655 2051 763 2120 ούκέτι
792 2077 831 2141 με
856 2052 977 2142 ὄψεσθε
1007 2065 1198 2141 σωματικῶς
1224 2055 1434 2136 αονδεάγοντα
1460 2055 1539 2141 ύμίνς

273 2181 302 2246 οἱ
326 2182 362 2245 δὲ
386 2178 429 2254 ύυς
453 2182 569 2246 τούτων
585 2189 646 2244 τεῦν
669 2180 773 2260 λόγων
796 2177 1004 2268 ἠκηκύττααν,
1029 2181 1157 2266 ἔμειναν
1181 2179 1258 2246 ύετεί
1280 2185 1397 2268 νεκροί,
1423 2182 1467 2265 μὴ
1491 2182 1540 2244 δο-

270 2309 402 2392 νιίμενοι
428 2303 448 2392 ἦ
478 2303 689 2394 φθέγξασθαί
714 2327 744 2368 τι
771 2301 791 2390 ἢ
820 2301 881 2369 κᾶν
909 2306 987 2390 πρὸς
1012 2305 1115 2390 βραχύ
1140 2306 1256 2392 βλέψαι
1280 2301 1390 2382 αύτύν,
1420 2325 1538 2391 συγχε-

271 2431 383 2502 θέντες
411 2425 470 2494 ύπύ
499 2437 555 2513 τῆς
583 2428 683 2514 λύπης
711 2431 768 2492 καί
795 2437 855 2492 τιῦν
884 2428 1042 2514 δακρύων.
1071 2425 1088 2494 ύ
1124 2429 1160 2494 δέ
1186 2428 1263 2494 ίδύν
1292 2425 1406 2502 αύτούς
1444 2451 1539 2514 ταρα-
1569 2485 1570 2488 ,

274 2555 416 2639 χθέντας
432 2553 521 2631 λέγει
538 2546 654 2625 αύτοίς·
672 2549 790 2628 εἴπατε,
815 2549 936 2630 εἴπατε,
958 2550 1074 2638 έτίνπερ
1091 2552 1138 2627 εἰς
1153 2554 1290 2637 βασιλέα
1305 2550 1325 2640 ἢ
1341 2559 1539 2639 πατριάρχην

271 2674 291 2764 ἢ
316 2674 415 2741 ἄλλον
438 2678 508 2764 τινὰ
530 2677 754 2762 προθυμεῖσθε
778 2677 963 2742 καταλιπεῖν
987 2697 1027 2762 με
1051 2672 1142 2762 ύμας.
1167 2675 1197 2742 οέ
1219 2677 1254 2742 δέ
1278 2677 1422 2758 λέγουσιν
1451 2672 1539 2761 αύτῴ·

272 2797 350 2866 ύπού
379 2798 532 2876 κελεύοις,
562 2801 677 2885 ποέτερ,
705 2801 937 2886 προνοούμενος
964 2797 1053 2888 ἡμῶν
1077 2803 1112 2866 τύ
1138 2804 1308 2891 συμφέρον.
1333 2799 1400 2866 εἶπε
1424 2801 1462 2866 δὲ
1487 2798 1540 2865 w]-

270 2936 347 2996 τοις·
372 2921 404 2987 έν
430 2917 535 2988 ούδενί
558 2920 646 3008 ύλλιρ
669 2925 899 3010 προθυμοῦμαι
923 2919 1006 3012 ύμας
1028 2925 1215 2993 καταλιπεῖν
1237 2929 1295 2990 καί
1315 2926 1540 2999 δεσπύζεσθιιι,

274 3046 370 3134 εἰμὴ
395 3045 427 3110 ἐν
452 3057 519 3120 ταῖς
543 3051 636 3132 χερσί
659 3056 714 3112 τοῦ
738 3051 850 3133 κυρίου
872 3051 929 3113 καί
952 3049 1033 3114 θεοῦ
1057 3056 1199 3136 σωτῆρος
1224 3045 1315 3136 ἡμῶν
1337 3047 1445 3136 Ἰησοῦ
1468 3049 1540 3134 Χρι-

274 3179 361 3236 στοῦ.
385 3169 626 3256 κᾶνύιβέβατύν,
651 3192 740 3259 φησι,
763 3174 801 3236 τύ
817 3177 960 3236 τοιοῦτον
975 3168 1014 3258 ην
1030 3173 1169 3252 τοπεκύν,
1193 3170 1279 3238 ἀλλὰ
1295 3172 1482 3258 βεβαιοῦται
1503 3169 1541 3242 ύο

273 3293 305 3357 έν
335 3294 377 3379 τῷ
404 3294 493 3370 έδοξέ
528 3315 607 3383 ιρησι
635 3305 696 3358 των
732 3291 1008 3382 έμπεριεχομένων
1043 3289 1193 3383 βημάτων
1221 3296 1265 3382 τῷ
1297 3293 1463 3362 έκτεθέντι
1487 3299 1539 3360 καί

273 3421 484 3506 σογγραρέντι
517 3421 603 3504 παρὰ
638 3427 693 3484 τοῦ
729 3414 832 3498 ἁγίου
854 3415 977 3484 ἐκείνου
1011 3416 1245 3509 Μεταρραστοῦ
1280 3425 1381 3505 κοροῦ
1415 3416 1539 3506 Συμαύν

271 3549 327 3606 τοῦ
355 3539 535 3620 λογοθέτου
570 3543 628 3626 βίιρ
657 3549 712 3608 τοῦ
742 3537 900 3629 ῥηθέντος
927 3539 1017 3608 ύαίοο
1045 3541 1176 3630 Παύλου
1207 3552 1262 3610 τοῦ
1285 3547 1340 3610 καί
1363 3544 1538 3631 δομήτυρος

274 3673 329 3750 τῆς
358 3673 474 3752 μονῆς,
503 3665 586 3730 ένθα
609 3671 714 3753 ρηαίν·
739 3663 933 3752 έκπέμπεται
957 3671 1060 3752 τοίνυν
1084 3665 1129 3742 είς
1153 3677 1214 3734 τύν
1238 3679 1405 3756 μοναχῦν,
1428 3667 1465 3740 δς
1487 3669 1537 3732 καί

276 3784 398 3874 ύπαντη
425 3799 490 3864 τοῖς
514 3791 664 3876 κληθεῑσι
687 3791 764 3875 πρὸς
787 3792 840 3856 τύν
865 3775 965 3876 μέγαν
987 3788 1222 3878 ἀνερχομένοιο
1245 3789 1288 3866 ύς
1308 3791 1344 3856 δέ
1364 3793 1538 3874 κατέλαβον

274 3909 331 3977 καὶ
360 3911 404 3986 τίς
431 3913 547 3994 λόγους
583 3909 689 3986 αύτοῐς
718 3911 868 3999 ἔρχεται,
901 3914 1016 3993 λύγους
1052 3913 1107 3988 οδς
1137 3913 1258 3980 έκαῑνύν
1286 3937 1320 3980 τε
1349 3915 1416 3982 έδει
1442 3916 1538 3994 λέγειν

275 4040 331 4101 καί
355 4032 471 4110 αύτούς
496 4036 626 4102 ἀκούειν
652 4042 808 4123 γέμοντας
832 4034 1000 4126 ὠφελείας,
1026 4035 1094 4118 οἵγε
1118 4041 1175 4103 καί
1198 4033 1295 4112 ούτοες
1320 4037 1438 4125 έχοντα
1461 4041 1537 4102 θεα-

276 4163 410 4246 σάμενοι
436 4158 550 4248 ἤροντο
581 4159 652 4247 περὶ
680 4169 736 4226 τοῦ
770 4164 927 4247 ποιμνίου
958 4166 1016 4234 τίνι
1052 4161 1177 4246 μέλλεις
1213 4159 1386 4249 ἐπιτρέπειν
1415 4161 1537 4235 αύτούς;

276 4281 397 4369 έκείνιρ,
424 4284 495 4373 έρη,
520 4283 564 4370 τῷ
582 4287 669 4349 κατὰ
689 4287 816 4371 γνοέμην
833 4280 900 4348 ύντε
923 4295 988 4360 τοῖς
1007 4283 1164 4374 ἀδελφοῖς.
1191 4283 1352 4372 ἀθροίσας
1377 4292 1535 4372 τοιγαροῦν

275 4403 417 4482 ἅπαντας
446 4407 655 4486 ἐπυνθάνετο,
687 4405 773 4472 αἱδί
803 4409 858 4494 τήν
882 4406 1020 4496 έκλογην
1049 4403 1134 4496 αύτῷ
1155 4411 1279 4496 μᾶλλον
1304 4408 1535 4497 ἐγχειρίζουσιν,

229 4543 235 4558 ·
260 4535 343 4636 ,σύν
368 4535 479 4618 πύτερ,
504 4531 650 4606 είπύνττς,
671 4535 705 4596 τύ
724 4533 816 4617 ἔργον
841 4538 896 4598 καί
921 4541 976 4619 τῆς
1001 4530 1037 4598 ίτι
1061 4535 1140 4600 θεοῦ
1158 4539 1376 4624 ρωττίομένης
1394 4556 1451 4600 σου
1474 4533 1536 4596 δια-

275 4659 373 4726 νοίας.
406 4657 486 4740 πρύς
520 4665 619 4722 ταῦτα
655 4655 773 4729 ἐκεῖνος
809 4657 974 4744 έγκοέρδιύν
1012 4681 1039 4723 τε
1073 4663 1128 4723 καί
1163 4661 1404 4746 πεπονθημένον
1439 4657 1535 4743 ἄκρως
