3190 5284
639 533 745 600 XLIII.
764 531 841 600 Sine
856 550 937 598 anno
954 536 985 596 et
1002 550 1118 596 ωυυευ.

530 701 667 772 (ἀσσαρίου
684 699 834 756 caloniam
850 699 1022 754 ιυοιιαευενίυ
1040 697 1114 752 cedit
1129 697 1229 752 υίίοαε.

332 863 1513 958 ήΤύἔγγραφοντῦνὲλαιῶντυῦπρυκαθημὲνου
1570 819 1571 862 Τ

244 993 434 1060 ίκείνου
458 993 692 1077 σεβαστοῦ
715 999 856 1077 κυρυύ
880 989 1115 1076 Γεωργίυυ
1140 995 1213 1051 τοῦ
1238 983 1513 1061 Καλυειδᾱή.

330 1133 414 1218 †‘0
449 1135 621 1209 δοῦλος
650 1144 727 1200 τοῦ
761 1142 993 1221 κραταιοῦ
1022 1133 1099 1194 καί
1127 1126 1264 1208 ἀγίυυ
1291 1121 1413 1213 ήμῦν
1447 1119 1514 1187 αύ-

244 1261 417 1325 θόντου
463 1263 542 1322 καί
588 1253 843 1341 βασιλέως,
894 1255 1264 1342 προκαθήμενος
1310 1249 1516 1336 Σμύρνης

243 1381 481 1468 Γειόργιυς
510 1379 837 1459 όΚαλυειδᾶς,
873 1379 1034 1464 οἰκεία
1062 1381 1190 1466 χειρί
1223 1375 1462 1462 πρυέταξα
1488 1375 1516 1450 ή.

312 1531 532 1633 ΣίγνονήΖωής
730 1540 842 1621 Σίγνον
866 1530 941 1636 τήΙς
965 1539 1075 1625 ἑτέρας
1191 1531 1461 1630 ΣίγνονΙΕίρήνης

246 1671 302 1750 τής
318 1651 497 1758 θυγαεήρός
515 1659 624 1730 αύτοῦ.
641 1639 955 1761 θιῇἧος-αύτοήῦ
964 1641 1145 1749 θεοδ-ωρῖς
1168 1672 1223 1749 τής
1241 1651 1393 1755 σῦμΙβίου
1410 1656 1518 1725 αύτοῦ.

333 1801 423 1882 ήἘν
442 1799 575 1890 δνόματι
590 1813 645 1868 τοῦ
657 1807 778 1888 πατρός
793 1807 850 1869 καί
866 1811 921 1868 τοῦ
938 1802 1006 1870 υἱοῦ
1021 1807 1078 1868 καί
1094 1811 1149 1868 τοῦ
1166 1799 1259 1882 ἁγίου
1270 1803 1450 1887 πνεύματος
1465 1804 1520 1864 καί

245 1935 302 2013 τής
325 1931 440 2012 κυρίως
462 1931 519 1992 καί
535 1925 670 2014 ἀληθῶς
690 1923 910 2012 ύπερενδόξου,
934 1923 1230 2013 ύπεριυλογηρίνης
1247 1926 1415 2010 δεσποίνης
1431 1920 1520 2010 ήμῦν

246 2051 407 2114 θεοτύκου
423 2052 479 2114 καί
495 2047 709 2135 ἀειπαρθόνου
723 2049 860 2135 Μαρίας.
877 2048 1039 2135 Γειύργιος
1053 2050 1303 2134 προκαθήμενος
1320 2055 1375 2132 τής
1390 2048 1522 2111 θεοσώ·

247 2193 323 2237 στου
338 2172 461 2244 πόλεως
477 2171 620 2259 Σμύρνης
637 2169 653 2236 ὁ
669 2171 864 2248 Καλοειδᾶς,
880 2170 898 2237 ό
914 2170 971 2236 καί
987 2169 1112 2236 ἄνωθεν
1129 2168 1348 2256 οίκειοχείρως
1364 2172 1523 2256 προτάξας

248 2297 304 2382 τήν
316 2305 481 2382 παροῦσαν
499 2295 660 2383 ἔγγραφον
675 2299 732 2361 καί
745 2294 960 2384 ὲνυπόγραφον
976 2299 1116 2383 φανερὰν
1133 2299 1190 2359 καί
1206 2297 1357 2380 καθαρὰν
1370 2291 1525 2358 ἀπόδοσιν

248 2424 307 2484 καί
330 2417 510 2508 ἀσφάλειαν
533 2421 665 2506 τίθεμαι
688 2424 744 2485 καί
766 2431 847 2486 ποιῶ
871 2419 1024 2494 ἑκουσίως
1048 2425 1104 2486 καί
1128 2419 1386 2506 ἀμεταμελήτως,
1411 2421 1525 2484 καθα-

250 2553 314 2628 ρῦς
337 2547 395 2607 καί
411 2539 603 2629 ἀπεριέργως
625 2547 684 2608 καί
706 2541 798 2618 ἐκτός
818 2547 935 2618 παντός
959 2547 1085 2630 τρόπου·
1108 2539 1145 2608 ού
1170 2547 1231 2630 γάρ
1256 2541 1294 2608 ἔκ
1316 2563 1400 2615 τινος
1423 2539 1527 2620 ἀνοίγ-

251 2687 313 2752 κης
335 2663 356 2753 ή
381 2663 490 2753 βίαςή
514 2667 614 2754 φόβου
637 2665 658 2754 ή
682 2667 779 2731 δόλου
802 2666 823 2755 ή
845 2678 1042 2755 περιγραφῆς
1064 2666 1085 2754 ή
1107 2666 1250 2740 ίδιωτίας
1271 2663 1292 2754 ἢ
1317 2665 1420 2751 ἄλλης
1443 2667 1526 2736 τινός

251 2787 403 2875 ἀπιψόγου
431 2798 487 2876 τῆς
511 2799 571 2855 τῶν
595 2792 698 2874 νόμων
723 2788 1005 2878 ἀποτετραμμένης
1033 2789 1144 2864 αἰτίας,
1171 2789 1255 2855 ἀλλά
1280 2789 1334 2854 σύν
1357 2791 1524 2874 προθυμίη

249 2933 283 2976 τε
310 2915 399 2998 πυίση
429 2915 509 2999 μετὰ
537 2918 811 3000 μεμεριμνημίνου
839 2923 961 2979 σκοποῦ
991 2917 1048 2978 καὶ
1082 2917 1213 2998 χρονίας
1240 2921 1296 2998 τῆς
1323 2911 1524 2997 διασκέψεως

249 3037 327 3122 πρός
355 3037 411 3123 τήν
434 3036 612 3122 σεβασμίαν
640 3039 696 3100 καί
731 3035 825 3116 ἁγίαν
850 3037 1019 3122 βασιλικήν
1053 3037 1151 3122 μονήν
1179 3044 1236 3121 τῆς
1259 3029 1434 3120 ύπερυίγνου
1465 3055 1525 3118 μου

250 3161 453 3246 θεομήτορος
480 3170 541 3223 τῶν
563 3157 700 3244 Λίμβων
724 3164 780 3225 καί
802 3162 856 3225 τόν
879 3161 996 3246 ταύτης
1023 3161 1286 3245 καθηγούμενον,
1316 3165 1375 3244 κύρ
1397 3156 1525 3222 Κάλλι-

251 3302 336 3363 στυν,
361 3285 417 3346 καί
440 3283 494 3367 τήν
519 3276 568 3347 ὑπ’
594 3277 690 3346 αύτάν
714 3281 799 3368 ἱερὰν
825 3281 1037 3372 ἀδελφότητα·
1066 3279 1207 3366 καὶγὰρ
1231 3279 1299 3346 ἐπεὶ
1317 3283 1377 3366 πρό
1400 3283 1526 3366 χρόνων

253 3405 383 3469 δόδωκα
406 3405 447 3468 δι’
476 3401 638 3494 ἐγγράφου
662 3427 723 3492 μου
748 3403 926 3494 ἀσφαλείας
953 3408 1032 3491 πρός
1056 3405 1111 3491 τήν
1134 3407 1282 3492 τοιαύτην
1308 3403 1526 3488 βασιλικωτά-

253 3545 310 3612 την
328 3527 425 3613 μονήν
441 3530 476 3591 τό
493 3527 644 3615 διαφέρον
659 3525 730 3616 ἡμῖν
748 3533 824 3614 μετό
829 3553 896 3616 χιον
913 3538 968 3594 τοῦ
993 3527 1085 3608 ἁγίου
1101 3529 1258 3615 Γεωργίου
1274 3537 1329 3592 τοῦ
1346 3579 1353 3592 .
1372 3577 1379 3592 .
1399 3578 1421 3606 .,
1441 3525 1527 3615 ήθὲ-

253 3649 333 3734 λησε
357 3649 393 3712 δὲ
417 3645 433 3712 ὁ
460 3653 676 3736 περιπόθητος
701 3649 874 3740 ἐξάδελφος
898 3661 953 3716 τοῦ
976 3659 1131 3738 κραταιοῦ
1159 3656 1215 3717 καί
1239 3649 1332 3731 ἀγίου
1354 3647 1443 3738 ἡμῶν
1470 3647 1529 3714 αύ-

253 3775 369 3837 θόντου
392 3776 449 3836 καί
472 3773 642 3855 βασιλέως,
667 3777 931 3860 πρωτοσεβαστύς
955 3779 1011 3840 καί
1033 3777 1320 3860 πρωτοβεστιόριος
1343 3777 1400 3840 καί
1425 3771 1528 3860 μέγας

254 3897 444 3982 δομέστικος
467 3893 592 3982 ἐπαρεῖν
616 3899 651 3960 τό
675 3905 816 3962 τοιοῦτον
841 3901 1000 3984 μετόχιον,
1027 3901 1174 3982 βιασθείς
1197 3897 1288 3978 κάγὼ
1312 3901 1365 3962 διὰ
1389 3897 1443 3983 τήν
1469 3897 1528 3960 δυ-

255 4025 401 4084 ναστείαν
430 4017 488 4084 καί
515 4021 550 4084 τό
580 4020 748 4107 μεγαλεῖον
776 4029 830 4085 τοῦ
860 4023 1003 4086 τοιούτου
1031 4019 1217 4107 ἀνθρώπου,
1241 4024 1295 4086 διὰ
1318 4031 1441 4109 γραφῆς
1467 4043 1529 4108 μου

254 4141 471 4228 παραδέδωκα
490 4147 525 4208 εδ
549 4147 691 4212 τοιοῦτον
707 4147 784 4230 πρός
808 4143 937 4228 ἐκεῖνον,
961 4141 982 4233 ή
1006 4147 1041 4210 δὲ
1067 4148 1229 4232 σεβασμία
1253 4149 1308 4210 καί
1332 4143 1409 4226 σὶγία
1434 4147 1529 4232 βασι-

255 4265 329 4351 λική
355 4267 434 4352 μονή
461 4266 708 4355 ἀποπεμφθεῐσα
731 4265 794 4332 ἀπό
818 4277 873 4332 τοῦ
898 4274 1049 4355 μετοχίου
1074 4267 1180 4355 ἐζήτει
1202 4270 1342 4356 δοθήναι
1364 4272 1441 4354 πρός
1466 4265 1528 4333 αύ-

256 4389 311 4472 τήν
339 4389 394 4474 τήν
424 4389 533 4465 ἔξοδον
561 4395 617 4455 καὶ
641 4393 695 4476 τήν
719 4395 946 4478 καινοτόμησιν
979 4391 1016 4479 ήν
1040 4393 1240 4476 κατεβάλετο
1270 4390 1301 4456 ἐν
1325 4391 1529 4458 Κωνσταντι-

256 4511 402 4575 νουπόλει
425 4513 466 4576 δι’
492 4511 560 4598 ἐμὲ,
584 4515 690 4578 διὰδὲ
715 4515 770 4599 τήν
795 4513 928 4579 ἐνοῦσάν
946 4537 1000 4600 μοι
1024 4513 1158 4600 ἀπορίαν
1179 4511 1239 4580 ούκ
1261 4512 1427 4602 ήδυνήθην
1445 4513 1529 4580 ἀπο-

257 4631 368 4698 δοῦναι
400 4645 499 4700 ταῦτα
527 4639 565 4702 τά
590 4647 644 4725 τής
670 4637 793 4715 ἐξόδου,
819 4642 874 4704 καί
901 4639 1117 4724 παραδέδωκα
1135 4637 1290 4725 ἐνεχύρως
1314 4641 1354 4703 τά
1377 4643 1530 4728 χωροίφιά
