3238 5282
251 247 316 314 394

251 439 271 528 ἢ
297 443 368 526 βίας
391 439 412 528 ἤ
437 439 744 528 ίρραόιουργημίνου
773 449 895 508 σκοπού
918 439 938 528 ἢ
963 439 1211 529 συναρταρηςῆ
1238 439 1432 530 ἀρχοντικης
1454 462 1522 506 κα-

253 565 494 644 ταδυναστείας,
524 566 580 630 σύν
607 567 771 658 προθυμίη
800 565 922 650 μᾶλλον
946 563 1071 651 ἀπόση,
1099 561 1252 652 όλοψύχιρ
1279 567 1437 651 πρσθίστι
1465 569 1525 630 καί

254 691 333 775 μετὰ
356 687 587 776 μεριμνημίνυυ
609 692 666 756 καί
685 685 909 776 ἡκριβυμόνοο
929 697 1051 756 σκοποῦ
1066 693 1124 756 καί
1147 697 1268 778 φρενῶν
1284 687 1524 775 ἀκεραιοτάεης

254 823 310 900 της
344 816 587 900 σταθηρότητος
622 810 871 900 ἀποβαλλομίνη
905 817 973 880 καί
1001 811 1242 901 ἀποταττσμόνη
1280 811 1318 878 ίκ
1352 816 1527 900 συμφώνου

255 959 315 1022 μιαν
338 935 513 1024 ὁμολογίας
536 941 593 1004 καί
620 933 846 1025 ἀπερωήσειας
866 937 912 1025 μὴ
936 939 1031 1024 μόνον
1054 947 1161 1022 πᾶσαν
1184 941 1240 1004 καί
1260 941 1414 1004 παντοίαν
1435 935 1527 1004 ίόιιῐι-

255 1066 340 1128 ττίαν
367 1067 424 1130 καί
453 1059 620 1148 ἀγροικίαν
648 1067 703 1132 καί
727 1067 910 1145 κοναικτίαν
945 1060 1119 1130 ἀσθίνιιαν
1146 1065 1202 1129 καί
1231 1060 1355 1149 ἀπάτην
1384 1062 1440 1146 τήν
1468 1068 1528 1124 τού

255 1196 309 1254 τού
332 1193 430 1273 νόμου
454 1191 511 1252 καί
534 1191 658 1276 ρόκτου
681 1185 825 1268 ἄγνοιαν,
849 1189 885 1252 τό
909 1187 1085 1272 βελιόνειον
1108 1187 1217 1274 όόγμα
1239 1187 1276 1252 τό
1298 1195 1367 1259 ταῖς
1389 1181 1526 1250 ἀπατω-

255 1314 364 1394 μίναις
392 1311 511 1389 γυναιξί
533 1313 763 1400 προσβοηθσύν
786 1313 842 1400 τήν
866 1313 947 1398 μετὰ
974 1313 1094 1376 διετίαν
1118 1307 1328 1398 ίπεροίτησιν,
1356 1305 1442 1373 ἀλλά
1465 1311 1529 1372 καί

255 1429 349 1500 αὐτόν
366 1437 431 1504 ,τόν
460 1436 639 1522 μετόρελον
666 1433 725 1502 καί
751 1439 806 1502 τόν
834 1433 885 1501 ἀπὶ
911 1438 955 1522 τῷ
978 1435 1146 1523 μεταμόλιρ
1174 1434 1355 1522 μετόμελσν
1380 1437 1439 1497 καὶ
1467 1431 1529 1516 τὴν

256 1556 292 1626 ἐκ
320 1561 431 1624 τούτου
459 1564 645 1647 τικτομένην
675 1583 729 1648 μοι
757 1557 886 1647 ἀγωγὴν
915 1559 960 1636 είς
990 1557 1152 1645 ἀναίρεσιν
1179 1567 1235 1626 τού
1260 1559 1419 1643 παρόντος
1447 1553 1528 1642 λρη,

256 1689 423 1767 ρεισμόνυυ
457 1681 514 1750 καὶ
549 1681 752 1770 ἀειραόσίντου
790 1689 967 1772 πρατηρίσο
1005 1682 1226 1773 λνυπυγρόρσιι
1263 1679 1425 1770 ληγραρου
1465 1701 1532 1764 μου

256 1808 332 1890 πρός
356 1803 438 1892 ύμᾱς
461 1808 534 1882 τούς
556 1812 865 1889 πανευγενεστσίτσυς
892 1805 1080 1895 όμοίύηους,
1104 1811 1157 1872 τόν
1180 1829 1217 1872 τε
1238 1807 1532 1886 πανεοηενίσεατσν

255 1929 415 2010 Ἄργιλον
438 1930 625 2020 Κομνηνόν,
648 1941 708 2020 κύρ
730 1931 894 2000 Νικόλαον
919 1935 972 1998 τόν
995 1931 1215 2019 Μαλιασηνύν,
1237 1932 1290 1996 τόν
1313 1929 1534 2015 περιπόθητον

257 2056 399 2141 γαμβρόν
428 2065 485 2124 τού
511 2065 667 2142 κραταιοῦ
694 2061 752 2123 καί
780 2055 874 2136 σἰηίοο
901 2054 992 2145 ἡμῶν
1019 2053 1178 2122 αύθὲντου
1206 2057 1264 2120 καὶ
1292 2052 1447 2137 βασιλόας
1472 2053 1534 2114 καί

257 2180 312 2266 τήν
334 2181 549 2266 περιπόθητον
573 2182 705 2267 σύμβιον
734 2203 792 2246 σου
814 2185 871 2246 καί
893 2184 1108 2268 περιπόθητον
1137 2177 1269 2267 ἀνεψιὰν
1291 2187 1347 2244 τού
1370 2184 1532 2263 κραταιοῦ

258 2305 316 2371 καί
348 2299 441 2386 ἁγίου
463 2300 553 2392 ἡμῶν
588 2301 746 2370 αύθόντου
773 2309 829 2372 καί
851 2306 1024 2399 βασιλέως,
1060 2305 1115 2392 τὴν
1141 2303 1312 2390 Κσμνηνύν
1346 2301 1530 2374 Δοόκαιναν

258 2425 516 2507 Παλαιολοηίναν
543 2433 642 2516 κοράν
670 2428 789 2508 Ἄνναν
813 2432 869 2517 τήν
896 2430 1118 2516 Μαλιασηνὴν,
1146 2430 1203 2516 τὴν
1230 2432 1286 2495 καί
1312 2429 1531 2512 κτητόρισσαν

257 2556 519 2640 χρηματίζουσαν
542 2563 598 2640 τῆς
621 2551 694 2640 παρ’
712 2549 797 2640 ύμῶν
822 2555 876 2620 σύν
901 2555 969 2641 θεῷ
990 2552 1291 2641 ἀνεγερθησομύνης
1307 2547 1531 2634 σόοιηεσπσίτης

257 2685 491 2764 πατριαρχικης
519 2683 703 2756 γυναικείας
732 2688 832 2766 μονης
856 2687 912 2765 τῆς
941 2677 987 2752 είς
1009 2675 1112 2763 ὄνομα
1136 2681 1314 2764 τιμωμένης
1342 2683 1398 2741 τού
1422 2679 1530 2759 τιμίου

258 2799 447 2876 πανενόύέου
481 2804 643 2889 προφήτου
678 2801 867 2888 Προόρόμσο
900 2801 959 2868 καὶ
994 2797 1149 2887 βαπτισού
1183 2801 1328 2868 Ἰωάννου
1356 2807 1412 2886 τῆς
1439 2797 1532 2870 Νόας

259 2923 385 3011 Πότρας
408 2927 465 2989 καί
488 2925 528 2988 δι’
553 2921 638 3012 ἀμῶν
661 2935 721 2991 τῶν
745 2923 909 3012 όμοίύησνν
932 2929 1010 3012 πρός
1034 2925 1107 3000 πούς
1134 2927 1352 3012 κληρονόμους
1374 2927 1432 2988 καί
1455 2923 1531 2986 δια-

259 3049 377 3134 δόχους
405 3045 490 3135 ὑμῶν
512 3051 569 3114 καί
591 3051 668 3135 πρός
692 3051 747 3136 την
776 3053 924 3138 τοιαύτην
953 3053 1131 3136 σεβασμίου
1159 3049 1391 3135 πατριαρχικὴν
1415 3069 1531 3126 γυναι-

261 3177 352 3242 κείαν
376 3173 474 3259 μονήν
490 3181 544 3238 τού
569 3173 757 3260 Πρσόρόμου
773 3178 830 3239 καί
853 3175 889 3239 τό
914 3171 998 3240 ἅπαν
1018 3179 1116 3261 μόρος
1139 3177 1195 3240 καί
1218 3174 1375 3261 πλήρωμα
1398 3173 1531 3257 ταύτης,

261 3298 374 3386 καθιλς
402 3299 609 3383 παρακατιὼν
637 3295 654 3364 ό
689 3299 786 3378 λόγος
820 3297 959 3386 όηλιύσει
994 3303 1198 3388 σαφέστερον·
1233 3301 1290 3364 καί
1324 3301 1394 3382 γὰρ,
1420 3293 1532 3380 ἐπειδὴ

262 3410 435 3506 μυνοηενὴς
461 3424 518 3486 καί
550 3423 662 3510 πτωχὴ
691 3425 748 3488 καί
774 3419 989 3510 ίξητονημίνη
1018 3427 1074 3488 καί
1102 3421 1198 3498 ἄπαις
1226 3388 1444 3509 κατελείφθην
1472 3425 1533 3482 καί

263 3544 306 3630 μη
331 3542 455 3630 ίχοσσα
486 3553 547 3612 που
570 3546 627 3631 τήν
649 3547 793 3636 κεφαλὴν
821 3547 941 3628 κλῖναι,
977 3545 1021 3620 όις
1047 3550 1104 3612 καὶ
1130 3541 1229 3634 αὐτῆς
1261 3555 1319 3634 τῆς
1347 3543 1532 3624 ἀναγκαίας

262 3675 387 3755 τροφῆς·
412 3663 639 3758 ύσειρουμίνη,
674 3671 773 3750 ίηνον
801 3673 838 3738 όί
871 3675 928 3737 καί
961 3670 1050 3737 οἶβον
1073 3675 1117 3745 τίς
1151 3667 1200 3736 ότι
1227 3672 1266 3735 σύ
1293 3667 1531 3757 ηπανευηενε-

263 3797 363 3880 ετότη
391 3791 543 3880 Κομνηνη
577 3792 740 3860 Δσύκαινα
766 3793 1008 3874 Παλαισλσηίνα
1034 3790 1058 3882 ἡ
1082 3791 1276 3882 Μαλιασηνη
1311 3795 1393 3880 κυρά
1426 3792 1532 3859 Ἄννα

263 3915 464 4004 όόεμιηθείσα
498 3913 536 3983 ἐκ
570 3919 652 3984 θεοῦ
689 3915 879 4006 ἠβουλήθης
913 3916 950 3983 ἐκ
986 3919 1117 4005 βείθριεν
1154 3913 1256 3984 αὐτῶν
1291 3920 1533 4006 φροντιστήριον

263 4045 447 4120 γυναικείας
471 4051 705 4129 τατριαρχικῆς
741 4051 841 4130 μσνης
867 4039 1032 4130 ἀνεηιίραε,
1053 4040 1100 4121 τίς
1128 4039 1231 4128 ὄνομα
1264 4045 1440 4128 τιμώμενον
1475 4050 1533 4107 τού

263 4169 367 4250 τιμίου
389 4166 583 4242 παντνόύξσυ
604 4164 795 4254 Προόρόμου
822 4175 879 4254 της
901 4165 989 4240 Νόατ
1012 4165 1150 4254 Πίιρας,
1179 4165 1197 4230 ό
1225 4165 1265 4252 λη
1293 4168 1350 4233 καί
1372 4165 1435 4230 σόν
1463 4163 1535 4250 θεῷ

263 4283 301 4354 δι’
332 4285 443 4369 όλίηου
477 4287 605 4375 μίλλεις
639 4290 826 4378 ἀπαρτίσαι,
864 4295 1044 4379 κατόροηον
1076 4289 1122 4368 είς
1157 4289 1213 4376 τόν
1246 4289 1442 4378 κηδεμονίαν
1475 4293 1536 4354 καί

264 4409 445 4498 ἐπικωμίαν
472 4421 530 4501 τῆς
563 4411 760 4502 ἀντιληψιεός
788 4435 848 4481 σου
876 4417 957 4501 μετὰ
989 4414 1224 4502 παρακλήσεως
1250 4409 1303 4479 ότι
1326 4413 1451 4500 πολλῆς
1477 4419 1538 4478 καί

265 4537 407 4624 όόεήθην
434 4545 492 4625 τῆς
525 4537 734 4626 ριλσχρίστου
762 4559 820 4604 σου
849 4543 952 4628 ψυχης
980 4535 1025 4614 ὣς
1052 4537 1277 4626 όξεσνησασθαι
1305 4539 1357 4602 όπί
1385 4538 1539 4603 παντελεῖ

264 4661 434 4746 ἀιστριίσει
468 4663 524 4748 την
546 4673 665 4728 «πᾶσαν
699 4667 755 4732 καί
788 4667 940 4730 παντοίαν
968 4684 1030 4750 μου
1059 4666 1167 4730 στάσιν
1196 4663 1250 4749 την
1279 4665 1449 4743 γσνικόθεν
1478 4683 1538 4746 μοι
