3190 5284
243 175 285 240 72

242 385 299 452 νης
333 370 389 432 καὶ
413 369 592 446 λογοθέτοο
627 377 681 431 τοῦ
717 367 981 453 Ἀργοροπούλοο.
1020 371 1127 452 μηνὶ
1161 367 1322 448 ὶο-ονέιρ
1356 363 1441 427 ὶνδ.
1482 361 1540 424 ιε’

243 489 379 565 έτοος
411 489 538 577 ,ςψξά
568 495 598 570 †.

333 627 423 709 †‘0
451 629 621 702 δοῦλος
656 640 733 694 τοῦ
761 607 1096 714 ιιραταιούναί
1125 628 1262 707 άγίοο
1289 624 1412 712 ἡμῶν
1449 619 1542 687 αὑ·

246 749 419 815 ύέντοο
465 756 544 816 καὶ
583 736 837 834 βασιλέως,
885 755 1256 837 προκαθήμενος
1300 749 1540 833 Σμύρνης,

249 873 485 958 Γεωργιος
513 872 530 938 ύ
559 873 842 952 Καλοειδᾰς,
877 871 932 948 ὑς
960 877 1006 938 τό
1034 867 1145 962 ὑρος
1181 875 1319 958 δηλοῖ
1353 891 1541 957 μαρτο·

247 1005 330 1081 ρῶν
365 994 609 1099 ὑπέγραψα
641 1003 671 1078 †.

336 1153 415 1233 †‘0
443 1131 613 1228 δοῦλοςΙ
650 1165 725 1219 τοῦ
761 1165 992 1240 κραταιοῦ
1021 1159 1098 1219 καὶ
1129 1153 1265 1234 άγέοο
1296 1149 1416 1240 ἡμῶν
1451 1146 1540 1214 αύ-

247 1281 417 1342 θέντοο
446 1283 524 1342 καὶ
554 1280 787 1360 βασιλέως
821 1275 1036 1365 Ἰωάννης
1072 1275 1088 1341 ὑ
1123 1265 1540 1360 Ῥαβδόιιανάιιης,

249 1397 302 1472 ὣς
334 1403 380 1464 τό
414 1397 525 1485 ὑρος
559 1401 978 1486 δηλοί,,μαρτορῶν
1012 1397 1243 1485 ὑπέγραψα
1275 1405 1305 1479 †.

661 1557 771 1636 Σίγνον
833 1548 838 1654 Ι
868 1561 1024 1644 μάρτυρος

631 1651 1140 1668 affl

522 1757 525 1762 ¹
659 1680 805 1746 Ἰωάννου
835 1669 839 1775 ψ
869 1688 923 1744 τοῦ
947 1679 1106 1766 Βατάτζη.

338 1835 421 1914 †‘0
450 1835 632 1924 εύτελής
668 1838 812 1922 ἱερεύς
847 1842 921 1902 καὶ
956 1839 1204 1903 οαιιελλῑοο
1238 1847 1311 1924 της
1339 1835 1542 1916 ὑγιωτά·

250 1983 322 2048 της
351 1961 667 2047 μητροπόλεως
695 1959 903 2045 Σμύρνης,
928 1959 1151 2034 Φίλιππος
1175 1957 1192 2024 ὑ
1216 1959 1539 2045 Μαγπωνίτης,

249 2085 394 2169 παρόν
429 2083 500 2146 ἐπὶ
531 2093 580 2168 τῇ
607 2085 806 2166 παρούσῃ
836 2079 1070 2167 ὁμολογία,
1099 2081 1147 2155 ὑς
1176 2087 1221 2148 τό
1250 2080 1356 2170 ύρος
1385 2083 1541 2168 δηλοῖ,

250 2214 477 2292 μαρτυρῶν
506 2200 735 2290 ὑπέγραψα
762 2205 793 2287 †.

337 2361 416 2442 ΓΟ
439 2363 746 2446 πρωτέιιδιιιος
769 2365 842 2425 καὶ
871 2363 1205 2447 ταβοολλάριος
1234 2373 1308 2448 της
1336 2359 1538 2441 ἁγιωτάψ

252 2507 327 2572 της
366 2485 677 2571 μητροπόλεως
717 2483 923 2570 Σμύρνης,
963 2484 1163 2572 Ἰωάννης
1202 2483 1218 2550 ὑ
1251 2485 1539 2570 Κουνάλλης,

253 2611 325 2694 τὴν
361 2615 588 2693 παρούοαν
623 2618 703 2671 τῶν
740 2613 1070 2695 προειρημένων
1110 2607 1299 2673 έλαῖνιῶν
1338 2609 1543 2693 δένδρων

253 2729 505 2819 ἆπόφληοιν
529 2739 756 2816 μαρτυρῶν
786 2725 1014 2817 ὑπέγραψα
1036 2735 1066 2811 †.
1113 2731 1192 2812 †‘0
1222 2728 1404 2816 εύτελης
1432 2732 1539 2794 διά-

251 2877 392 2931 κονος,
417 2853 792 2939 ἱερομνήμωνκαί
817 2853 1536 2939 ταβοολλάριοςτης-ἁγιωτάτης

251 2977 564 3064 μητροπόλεως
593 2973 804 3062 Σμύρνης,
828 2973 1048 3061 Μιχαὴλὺ
1077 2979 1369 3063 Ἀοτραγαλῆ,
1398 2975 1451 3049 ύς
1478 2979 1533 3040 τό

251 3097 356 3188 ύρος
389 3101 529 3186 δηλοῖ,
567 3106 793 3184 μαρτυρῶν
826 3094 1055 3184 ὑπέγραψα
1083 3103 1112 3180 †.
1148 3098 1231 3179 †‘0
1267 3098 1456 3184 ἀχρεῖος
1483 3099 1534 3162 έν

252 3221 460 3308 ἱερεύοιν,
486 3217 959 3308 ὑπομνηματογράφος
982 3225 1058 3285 καί
1086 3223 1419 3306 ταβοολλάριος
1447 3233 1533 3308 τῆς

254 3343 509 3431 ἁγιωτάτης
539 3343 849 3429 μητροπόλεως
878 3341 1085 3429 Σμύρνης,
1114 3343 1334 3430 Γειύργιος
1362 3343 1379 3408 ὑ
1403 3343 1533 3431 Ἀλη-

254 3469 393 3544 δινός,
422 3467 566 3549 παρύν
595 3469 670 3530 καὶ
699 3475 921 3550 μαρτυρῶν
950 3462 1183 3552 ὑπέγραψα
1207 3472 1236 3547 †.

308 3599 427 3704 '†‘0
455 3625 662 3695 ταπεινός
690 3625 918 3699 διάκονος,
946 3624 1203 3710 λογούέτης
1236 3629 1311 3690 καὶ
1335 3629 1536 3709 ταβοολ-

255 3749 409 3831 λάριος
435 3754 508 3832 τῆς
537 3745 786 3832 ἁγιωτάτης
815 3747 1129 3832 μητροπόλεως
1158 3745 1362 3836 Σμύρνης,
1387 3747 1533 3814 Ἰωάν-

254 3890 328 3954 νης
361 3865 767 3955 όἈργορόποολος,
797 3869 869 3954 τήν
897 3878 1119 3954 παροῦσαν
1149 3869 1330 3935 ἔκδοσιν
1358 3881 1437 3937 τῶν
1469 3872 1533 3938 τῖ-

255 3995 449 4078 ρημένων
494 3990 681 4056 έλαϊιιιῖιν
729 3993 917 4075 δένδρων
962 4003 1185 4079 μαρτυρῶν
1229 3999 1302 4058 καὶ
1352 3997 1531 4082 γράψας

254 4111 479 4200 ὑπέγραψα
513 4119 543 4196 ψ
