3140 5306
245 245 311 310 282

244 445 302 504 τοῦ
328 435 437 524 Βρανα
467 434 489 525 ἦ
523 433 595 523 παρ’
630 435 738 524 ότόρου
770 439 940 524 προσώπου
973 435 1274 524 πλησιοχυρυῦντος
1307 453 1351 520 τιρ
1380 432 1531 516 τοιούτῳ

244 565 341 647 τυπίιρ
368 557 454 626 κατὰ
481 561 537 648 την
563 561 730 648 περίληψιν
757 569 813 626 τοῦ
841 563 935 626 διίοο
964 559 1021 626 καὶ
1042 566 1261 647 πρυτκυνητοῦ
1285 555 1434 644 ὁρισμοῦ,
1465 557 1528 620 διῦ

237 687 482 772 ,κατεπειγόμην
505 683 568 765 όγῶ
596 679 655 750 όπό
685 692 740 771 τῆς
767 683 889 772 πολλῆς
917 705 977 771 μου
1006 681 1132 770 όνοχης,
1167 686 1224 748 καί
1253 678 1313 748 οόκ
1346 677 1530 769 ἠδυνήθην

247 805 343 890 οιβτῦς
372 807 525 874 ἀπελδεῐν
551 812 609 873 καί
636 816 772 896 τηρῆσαι
800 809 929 894 ταύτην,
965 805 1139 873 ἀπέστειλα
1167 807 1340 894 σόντρυρόν
1369 825 1430 890 μου
1464 805 1527 888 βε-

246 937 407 1022 στιαρίτην
431 934 484 999 τόν
500 931 721 1018 Πακυοριοίνυν
744 935 800 996 καί
824 932 896 1006 τυός
920 929 1142 1017 ἐντιμοτάτους
1158 928 1318 1017 ἄρχοντας
1340 937 1395 1015 τῆς
1412 925 1528 1008 όγιυυ-

245 1061 343 1146 τότης
367 1058 592 1147 μητροπόλεως
615 1055 770 1144 Σμύρνης,
794 1059 847 1121 τόν
870 1077 904 1122 τε
927 1055 1161 1144 χαρτορόλακα
1183 1058 1241 1120 καί
1264 1057 1317 1119 τόν
1344 1073 1530 1140 πρωτοπα-

244 1193 307 1249 πᾱν
330 1181 387 1248 σόν
404 1177 510 1255 αότυίς
532 1183 589 1246 καί
612 1182 665 1246 τόν
683 1179 858 1245 σακελλίοο
881 1182 938 1245 καί
961 1180 1015 1245 τόν
1041 1182 1255 1264 κανστρίοιυν,
1278 1181 1336 1242 καί
1350 1173 1530 1242 ἀπελθόν-

244 1329 295 1382 τες
329 1316 467 1380 τυπικῶς
501 1303 606 1372 ίκτίοτ
638 1307 796 1391 παρόντος
829 1305 888 1370 καί
920 1311 974 1370 τοῦ
1009 1304 1213 1391 δηλυδίντυς
1246 1301 1418 1389 Κομνηνυῦ
1458 1309 1527 1366 τοῦ

244 1429 355 1516 Βρανα
382 1439 481 1516 κοροῦ
508 1427 643 1517 Μιχαὴλ
671 1427 716 1502 τίς
742 1431 779 1494 τό
802 1437 946 1524 τηρῆσαι
966 1430 1024 1493 καί
1051 1425 1164 1514 εὑρεῖν,
1193 1423 1301 1492 ότοῖον
1329 1429 1426 1512 μόρος
1454 1435 1529 1489 τῶν

247 1551 433 1643 ἆμροτίριον
457 1553 527 1640 ἔχει
550 1553 686 1621 δίκαιον.
722 1549 801 1618 όόεν
823 1555 881 1617 καί
908 1554 1104 1639 τηρήσαντες
1125 1548 1265 1636 ἀκριβῶς
1287 1550 1341 1638 τὴν
1365 1550 1528 1635 τοιαύτην

245 1678 375 1754 διίνείιν
398 1681 455 1744 καί
479 1686 747 1765 σημειιοματικιῦς
770 1671 868 1763 πότην
892 1673 1065 1761 ἐνθέμενοι
1087 1677 1144 1740 καί
1166 1675 1244 1760 πρός
1268 1695 1306 1760 με
1330 1673 1527 1745 στείλαντες

246 1801 282 1868 τό
312 1805 482 1889 σημείυμα
516 1797 768 1888 ἀπυκατίοτηοα
795 1799 850 1886 τὴν
878 1797 1082 1886 δηλυδῶσαν
1117 1799 1296 1884 οεβαομίαν
1325 1798 1422 1884 μονὴν
1454 1807 1527 1862 τῶν

244 1923 382 2012 Λίμβιυν
409 1933 465 1990 τοῦ
494 1923 575 1990 εἶναι
602 1921 816 2010 ἁνενόχλητον
839 1925 896 1988 καί
923 1920 1125 1988 ἀδιάπτωτον
1149 1918 1211 1988 ἀπό
1235 1931 1291 1987 τοῦ
1318 1925 1433 2007 μόρους
1456 1931 1524 1986 τοῦ

244 2049 355 2136 Βρανα
377 2051 462 2115 κατὰ
485 2047 540 2135 την
564 2057 729 2128 γεγονυῖαν
751 2042 833 2134 αῦτη
856 2049 1008 2133 πρότερον
1039 2047 1228 2132 στκριτικην
1250 2049 1353 2131 κρίσιν
1375 2049 1433 2110 καί
1456 2045 1524 2132 τὴν

245 2179 301 2238 νῦν
334 2157 501 2258 γινομένην
538 2168 652 2257 ἀρτίως
684 2171 946 2257 σημειιυματιιιην
980 2171 1152 2249 διάγνωσιν
1185 2170 1240 2256 την
1275 2169 1309 2244 be
1342 2166 1526 2257 ίιτιιροιτῆς

245 2292 402 2384 ἡμετέρας
429 2298 600 2382 γενομένην
627 2295 803 2380 παροικῶν
827 2291 951 2359 ἄνοδον
975 2291 1179 2381 δηλουμίνιυν
1208 2291 1368 2380 ἀρχόντων
1392 2290 1528 2381 ἐκκλη-

246 2428 418 2484 σιαστικῶν
441 2420 498 2484 καί
520 2426 658 2483 τοπικῶν
673 2423 841 2504 χρησίμοιν
865 2414 1000 2503 ἀνδρῶν,
1025 2415 1201 2503 ἱεριυμίνυν
1225 2421 1278 2482 καὶ
1302 2417 1434 2495 λοιπῶν,
1458 2415 1526 2481 καὶ

247 2539 370 2630 δρτίλτι
394 2539 455 2608 ἀπό
479 2550 543 2640 τοῦ,
559 2549 611 2606 νῦν
634 2545 691 2606 καί
713 2541 757 2615 είς
781 2543 816 2606 τό
844 2538 916 2628 ἑξῆς
938 2536 959 2628 η
982 2541 1169 2629 δηλυθτίοοί
1192 2564 1225 2605 τι
1250 2539 1409 2628 σεβασμία
1434 2543 1524 2629 μονὴ

246 2666 406 2752 διαμόνειν
434 2662 648 2760 ἀνενόχληους
676 2663 733 2756 καὶ
757 2663 960 2740 αδιόσειοτυς
984 2663 1034 2730 ἐπὶ
1057 2664 1100 2751 τῴ
1126 2663 1305 2752 δηλυδόντι
1327 2670 1424 2752 τυπίιρ
1455 2661 1524 2730 αῦ-

247 2799 303 2878 της
328 2787 389 2854 ἆπό
414 2813 447 2854 τε
471 2797 526 2854 τοῦ
548 2793 662 2877 μόρους
684 2789 856 2876 Κομνηνοῦ
879 2797 935 2853 τοῦ
957 2787 1068 2874 Βρανῦ
1087 2791 1145 2854 καί
1168 2785 1222 2876 ἄρ’
1246 2787 1355 2874 ἑτέρου
1369 2789 1521 2876 πλησιά-

249 2915 358 2987 ζοντος
382 2908 462 3000 αὐτῇ
485 2923 524 3000 τῇ
549 2911 704 3001 ἐμφανείυρ
730 2920 785 2977 τοῦ
808 2915 963 3000 παρόντος
989 2907 1145 2999 ἡμιτόμου
1168 2916 1355 2998 γράμματος
1378 2915 1524 3001 καὶτῆς

248 3045 510 3124 σημειιοματικῆς
539 3040 711 3123 μαρτυρίας
738 3039 794 3100 καί
828 3033 1014 3108 ίπιοτασόας
1048 3043 1105 3122 τῆς
1132 3039 1299 3122 γινομόνης
1331 3039 1420 3122 παρὰ
1454 3047 1523 3101 τῶν

248 3158 372 3226 όνιοδεν
401 3161 620 3247 δηλωθέντων.
649 3161 702 3224 διὰ
730 3167 822 3225 τοῦτο
847 3162 908 3245 γὰρ
932 3157 1073 3240 ἐγεγόνει
1096 3163 1153 3225 καί
1179 3161 1214 3224 τῦ
1237 3162 1337 3246 παρόν
1359 3155 1524 3247 ἡμίτερον

248 3286 382 3370 γράμμα
408 3287 466 3350 καί
500 3279 641 3371 ἐπεδόθη
669 3272 709 3370 τη
737 3284 899 3370 σεβασμία
927 3283 1081 3370 βασιλικῇ
1108 3293 1190 3372 μονῇ
1218 3287 1278 3348 τῶν
1295 3279 1443 3371 ,Λόρβυν
1475 3281 1523 3350 δι’

250 3404 438 3495 ἀσφόλτιαν.
463 3399 571 3494 μηνί
589 3397 710 3493 4μαίιρ
733 3405 814 3472 ίνδ.
840 3405 885 3472 ιε’
906 3410 936 3488 †.
988 3397 990 3404 ’

251 3545 253 3553 ·
337 3528 419 3611 †‘0
446 3529 615 3605 δοῦλος
643 3537 721 3596 τοῦ
749 3541 981 3616 κραταιοῦ
1015 3534 1094 3596 καί
1129 3529 1266 3612 ἁγίου
1292 3529 1415 3620 ἡμῶν
1443 3527 1521 3599 αό-

249 3654 421 3720 δόντου
448 3658 526 3720 καί
554 3655 785 3739 βασιλέως
813 3647 1033 3741 Μανουήλ
1061 3657 1295 3740 σεβαστός
1323 3654 1523 3744 Σγουρό-

249 3777 431 3858 πουλος,
455 3769 475 3844 ό
501 3779 789 3866 δυμόστικυς
816 3785 898 3842 τῶν
922 3774 1217 3845 ἀνατολικῶν
1245 3782 1465 3868 διμοίτυν
1489 3787 1521 3864 †.

802 4049 961 4064 mm

336 4270 1519 4368 ίίΙ.ῒ”Ετερονπρόσταγμα,διοριζόμενοντερίτοῦ

250 4391 391 4462 αότοῦ
424 4397 671 4488 Κομνηνοῦ
709 4407 786 4465 τοῦ
822 4401 976 4501 ιΒρανῦι
1010 4405 1089 4470 καί
1120 4409 1226 4492 περί
1259 4415 1342 4471 τῶν
1377 4401 1519 4492 Μουρ·

250 4533 528 4609 μυυντηνῶν,
562 4521 617 4598 όνς
646 4523 820 4600 ἀδίκως
854 4525 1405 4616 καταδυναστευομίνιυν
1438 4533 1518 4618 τὴν

251 4645 895 4733 μυνὴνείςᾶόχειδίκαιαη.
