3168 5274
316 489 381 556 XII.
399 488 628 570 6780-1272,
647 509 754 558 mense
770 491 855 573 iulio,
873 491 939 558 ind.
957 491 1022 558 XV.

53 637 219 694 Ρατιάσεελα
234 637 372 711 Ιοεερόιεε
392 641 493 694 iterum
513 642 661 713 confirmat
680 642 874 712 ροεεαεείοοτε
889 641 1057 696 monasterii
1072 637 1171 696 Νοοοε
1187 638 1301 704 Patrae,

486 765 605 819 mmm
621 782 670 817 aaa
685 765 720 820 οι
736 743 858 824 cabum.

306 999 307 1004 χ
336 912 701 1004 Ὺπόμνηματοῦ
726 912 939 982 αὐτοῦτὸ
964 915 1002 1002 β’.

128 1073 263 1148 Πολλοῖς
291 1097 354 1140 τισι
387 1077 444 1138 καί
479 1077 601 1148 τούτοις
627 1086 722 1142 πᾶσιν
756 1073 929 1150 ἐπαινετοῖς
964 1085 1020 1142 τοῦ
1053 1076 1210 1165 φιλοθόυο
1242 1097 1304 1162 γα·

52 1203 308 1286 ρακτηριζυμίνου
334 1202 391 1263 καί
418 1209 473 1264 τοῦ
502 1203 606 1286 ψυχῆς
634 1197 815 1285 ἐπιμέλειαν
838 1202 1004 1266 ποιεῖσθαί
1026 1221 1110 1278 τινα,
1139 1199 1175 1264 δν
1198 1197 1215 1266 ό
1239 1221 1304 1286 μα-

50 1327 150 1405 κάριος
173 1321 311 1408 ἔτρωσεν
339 1321 418 1409 δρας
445 1325 541 1400 θεοῦ,
565 1324 615 1393 διό
638 1326 694 1390 καί
717 1327 812 1409 μοναί
838 1323 956 1390 πολλοὶ
982 1327 1070 1411 παρὰ
1093 1322 1137 1410 περ
1161 1322 1229 1408 θεηῖ
1254 1320 1303 1412 ὐφ’

52 1443 177 1532 ἑκάστην
200 1445 303 1512 αὐτῶν
325 1446 439 1534 ὶούσης
465 1457 539 1532 μιᾶς
567 1467 652 1522 τινος
676 1446 828 1534 άτραπυῦ,
856 1450 1008 1535 καθάπερ
1032 1445 1075 1520 ὣς
1099 1446 1144 1522 είς
1168 1444 1304 1534 ἀχείμα-

52 1589 114 1632 στυν
140 1573 175 1635 τό
206 1573 397 1657 κατάντημα
433 1569 491 1658 μιᾷ
529 1575 587 1638 τινί
616 1582 654 1659 τη
690 1581 750 1636 τῦν
784 1577 1031 1660 φροντιστηρῖιον
1065 1572 1216 1660 φροντίδι,
1247 1575 1304 1636 καί

52 1695 136 1780 ιαόιη
161 1705 221 1759 τῦν
246 1694 350 1760 ἄλλων
375 1691 438 1781 οὐχ
460 1692 554 1782 ἧττον
578 1697 614 1760 τό
637 1705 769 1782 πράγμα
793 1703 886 1761 τοῦτο
914 1698 1128 1782 γνωρίζεσθαι
1154 1699 1304 1784 πίφυκεν,

52 1815 89 1904 ἐφ’
111 1816 134 1906 ᾧ
156 1821 214 1882 καί
236 1827 381 1892 τοιοῦτος
406 1818 485 1905 ἔρως
508 1819 661 1906 φιλόθεος
679 1818 798 1906 ἔτρωσε
820 1823 877 1884 καί
900 1821 953 1884 τόν
975 1821 1194 1906 περιπόθητον
1217 1839 1302 1906 γαμ·

54 1943 114 2028 βρόν
136 1951 193 2007 τοῦ
216 1947 390 2027 κρατίστου
416 1947 473 2008 καί
497 1941 590 2023 άγίοο
614 1965 676 2029 μου
699 1940 950 2028 αὐτοκράτορος,
978 1942 1142 2030 ἀγαπητόν
1167 1939 1200 2009 ὐν
1223 1939 1305 2028 ἁγίῳ

51 2071 188 2154 πνεύματι
222 2066 289 2132 υἱόν
324 2077 380 2154 τῆς
413 2063 501 2155 ἡμῶν
533 2071 748 2155 μετριότητος,
784 2062 1008 2146 εὐγενέστατον
1042 2065 1211 2155 Κομνηνόν
1244 2075 1305 2152 πῦρ

53 2191 201 2257 Νικόλαον
236 2189 445 2278 Μαλιασηνόν
469 2195 522 2256 τόν
549 2191 726 2272 Ἄγγελον,
761 2195 818 2256 καὶ
845 2191 901 2278 την
928 2192 1042 2258 τοότου
1076 2191 1219 2271 σόζυγον,
1248 2191 1304 2278 την

51 2319 253 2403 περιπόθητον
288 2314 419 2402 ἀνεψιὰν
453 2323 508 2380 τοῦ
543 2320 714 2401 κρατίστου
747 2317 805 2380 καί
838 2312 933 2394 ἁγίου
967 2337 1027 2402 μου
1056 2311 1303 2402 αὐτοκράτορος,
1335 2369 1337 2376 ,

53 2443 257 2526 γνησιωτάτην
286 2436 318 2503 όν
342 2435 423 2524 ἁγίῳ
446 2441 600 2525 πνεόματι
622 2441 788 2526 θυγατίρα
811 2447 867 2526 της
889 2436 979 2526 ἡμῶν
1003 2442 1224 2526 μετριότητος,
1253 2433 1305 2503 εὐ·

53 2568 229 2650 γενεστάτην
264 2561 436 2650 Κομνηνην
463 2566 563 2648 πυρὰν
596 2561 715 2630 ’Άνναν
750 2563 928 2630 Δοόκαιναν
962 2561 1220 2643 Παλαιολσγίναν
1248 2563 1305 2650 την

52 2685 264 2774 Μαλιασηνήν,
291 2689 342 2754 διό
365 2690 421 2751 καί
443 2689 525 2772 μετὰ
548 2695 603 2751 τοῦ
630 2688 723 2751 θείου
745 2685 842 2752 Δαοὶδ
867 2685 1020 2774 ἀγαπητὰ
1046 2689 1086 2750 τά
1108 2689 1306 2774 σκηνώματα

52 2817 145 2894 κυρίου
172 2813 337 2896 πιθόμενοι
369 2814 425 2876 καί
452 2815 631 2897 μακαρίους
658 2811 731 2885 τούς
759 2807 792 2874 όν
827 2807 935 2885 αὐτοῖς
969 2817 1203 2884 κατοικοῦντας
1235 2813 1306 2896 περὶ

53 2939 188 3020 σιμντίων
223 2936 380 3021 δομήσεις
412 2931 612 3022 ἠσχόληνται
638 2937 695 3000 καί
729 2938 849 3015 γίνεται
883 2936 936 3000 τόν
970 2936 1084 3020 τρόπον
1118 2941 1230 2999 τοῦτον
1264 2941 1304 3021 ιη

53 3069 162 3145 χρησιη
192 3060 293 3144 ταύτη
323 3061 456 3141 συζυγία
482 3070 546 3131 πῦς
581 3055 598 3124 ό
625 3061 742 3145 χρόνος
776 3067 832 3145 της
860 3059 968 3145 βεστ-ης
1001 3061 1106 3144 ψυχῆς
1140 3053 1304 3142 ὐτιμίλεια

51 3185 171 3248 τοῦτόν
205 3187 280 3268 παρ’
304 3175 504 3262 εὐαγγελίοις
539 3181 660 3246 ἐκεῖνον
685 3182 886 3270 ζηλώσαντες
919 3183 1084 3270 φρόνιμον,
1113 3179 1149 3256 ὃς
1182 3177 1233 3246 ἐπὶ
1260 3179 1304 3268 τῷ

51 3306 154 3392 στερρῷ
176 3315 233 3390 της
255 3311 373 3392 πάτρας
397 3305 452 3392 την
476 3304 581 3370 οἰκίαν
605 3303 742 3392 ὐπηζστο
766 3309 870 3392 μίνειν
894 3303 1068 3382 ἀνάλωτον,
1089 3305 1206 3392 ταύτην
1229 3303 1304 3370 δια-

52 3431 207 3516 νοούμενος
223 3432 389 3508 καταιγῖσί
403 3451 437 3494 τε
461 3433 518 3494 καὶ
542 3425 641 3502 ὐετοίς
657 3432 715 3494 καί
737 3441 802 3502 τοῖς
824 3437 994 3515 ποταμοῖς,
1017 3425 1156 3516 ὁπηνίκα
1178 3428 1303 3522 τοότοις

51 3549 77 3615 οἱ
95 3553 252 3640 χαράδραι
275 3557 331 3618 καί
355 3551 386 3618 οἱ
408 3563 565 3640 χειμῶνες
587 3563 742 3640 παρεῖχον
769 3555 806 3618 τό
830 3555 1006 3639 μαίνεσθαι
1028 3555 1086 3618 καὶ
1107 3553 1304 3638 παρασόρειν

51 3679 139 3753 πάσας
174 3678 312 3766 γεφύρας
345 3681 402 3741 καί
429 3674 538 3750 άλωάς
571 3678 797 3759 κατακλόζειν,
834 3675 884 3743 &aa
912 3679 947 3742 τό
976 3674 1114 3764 ἀρραγός
1142 3684 1198 3763 της
1224 3673 1308 3741 καθ’

53 3794 123 3886 ἡμᾶς
146 3799 328 3888 ἁγιωτάτης
351 3810 406 3866 τοῦ
429 3803 513 3866 θεοῦ
537 3801 681 3888 μεγάλης
701 3797 878 3888 ἐκκλησίας
902 3804 958 3876 τάς
982 3803 1175 3884 βάσεις-των
1191 3801 1305 3884 Ιτοιοό-

54 3944 103 3988 τον
124 3927 340 4012 μοναστηρίων
364 3927 522 4003 τίθενται,
546 3927 582 3990 τό
608 3929 824 4012 μονιμωτερον
852 3927 974 3999 τοότυις
1001 3923 1223 4010 διανυοόμενοι
1248 3925 1305 3988 καί

55 4059 107 4121 τοῖς
129 4059 372 4136 πατριαρχικοῖς
400 4049 533 4122 κόλποις
556 4053 703 4136 φίρυντες
727 4047 921 4126 ἔντιθόασιν,
950 4043 1027 4134 ὅπερ
1051 4047 1220 4133 ίδείμαντο
1244 4066 1305 4131 μο-

55 4177 221 4260 ναστηριον,
245 4177 302 4238 καί
325 4169 546 4260 όπομνήμαοιν
570 4169 648 4238 αὐτό
671 4175 927 4261 περιφράττουσα
951 4173 1126 4258 δεδόμηται
1148 4172 1184 4236 δό
1208 4177 1303 4236 τοῦτο

54 4297 82 4358 τό
100 4299 328 4384 πατριαρχικόν
352 4297 561 4383 μοναστήριυν
578 4293 610 4360 ἐν
633 4295 677 4382 τῷ
698 4293 765 4382 ὄρει
787 4305 843 4382 της
866 4295 1120 4382 Δρυανουβαίνης
1142 4298 1214 4380 περί
1235 4313 1307 4359 τινα

57 4421 136 4485 τόπον
162 4431 217 4487 τοῦ
240 4420 450 4508 Ἀρχοντίτζη
474 4417 674 4506 καλοόμενον
703 4415 748 4482 ἔπ’
773 4415 907 4504 ὐνόματι
932 4425 988 4483 τοῦ
1006 4421 1116 4504 τιμίου
1138 4421 1195 4482 καί
1217 4415 1307 4482 ἐνδό-

56 4542 99 4617 ζυυ
122 4549 283 4635 προφήτου
310 4543 493 4630 προδρόμου
520 4547 577 4608 καὶ
605 4544 779 4626 βαπτιστοῦ
802 4540 962 4619 Ἰωάννου,
989 4549 1045 4628 τῆς
1071 4539 1159 4614 Νόας
1182 4539 1307 4626 Πέτρας

58 4677 190 4756 τημονη
223 4665 244 4757 ἡ
273 4666 447 4754 ίπίκλησις.
483 4670 716 4754 προσίρχυνται
750 4670 807 4730 καί
835 4668 896 4750 γὰρ
931 4675 970 4752 τη
1001 4659 1089 4752 ἡμῶν
1125 4667 1305 4752 μετριότητι
