3168 5274
1105 191 1110 204 ⁸
1236 247 1302 312 343

63 457 94 496 νει
113 436 272 518 πράγμασι
300 437 477 522 σπαθηρόν,
514 432 585 500 ἀλλ’
610 435 675 500 οἶδε
699 437 813 520 χρόνος
843 437 964 520 μακρός
988 431 1058 500 κατ’
1083 434 1180 502 ἄλλον
1205 441 1301 525 σοφόν

62 559 185 640 κρύπτειν
212 561 270 642 μὲν
297 561 336 622 τὰ
360 562 496 646 φανέντα
519 565 575 624 καί
603 559 727 646 τάδήλα
751 567 920 646 φανεροῦν,
950 555 1024 624 ούδδ
1048 561 1160 624 τούτου
1183 557 1200 624 ό
1222 581 1302 626 παν-

61 681 191 765 δαμάτωρ
212 685 328 767 χρόνος
364 681 442 768 ἔσχε
477 685 583 770 φειδιῦ,
620 683 703 750 ἀλλὰ
738 684 947 770 κατηνάλωσε
976 659 1032 748 καί
1060 687 1234 772 μετήμιειψε
1264 688 1304 748 τὰ

62 807 307 889 τοῦπράγματος.
325 805 485 894 έστερήθη
511 811 611 872 τοίνυν
632 817 687 874 τοῦ
709 804 907 896 κτήματοςή
933 808 1012 893 μονή
1037 804 1096 872 ούκ
1120 806 1182 874 ἀπό
1206 809 1305 888 λόγου

61 929 183 1010 δικαίου,
212 924 278 992 οὐδ’
305 925 439 1010 εὐλόγου
463 933 588 1017 τρόπου,
613 930 684 996 ἀλλ’
708 929 728 1017 ή
754 931 875 1016 μᾶλλον
900 928 931 1006 ἐξ
955 928 1082 1006 ἀδικίας
1104 929 1125 1018 ή
1148 933 1184 998 τύ
1207 932 1303 996 πλέον

61 1051 136 1116 εἰπεῖν
159 1049 338 1137 ἱεροσυλίας
361 1063 561 1141 τυραννικῆς,
585 1059 642 1118 καί
668 1055 797 1128 πολλοῖς
825 1053 949 1120 έδίδοτυ
977 1055 1183 1142 φιλοτίμημα·
1212 1059 1241 1120 πί
1268 1056 1304 1120 τό

61 1177 201 1258 ἐντεῦθεν;
227 1174 391 1242 έστινοῦτο
415 1181 455 1242 τά
478 1187 535 1264 τῆς
559 1189 658 1266 μονῆς
684 1182 740 1243 καί
764 1179 800 1265 ήν
825 1177 973 1243 ἐντεῦθεν
1002 1177 1069 1264 εἶχε
1096 1180 1303 1264 παραμυθίας

61 1299 155 1364 έλπίδα
189 1302 225 1364 τύ
254 1298 339 1386 ἱερὸν
367 1307 585 1382 καταγώγιον,
609 1302 649 1367 δι’
673 1297 712 1388 ής
746 1299 915 1368 ἐπλούτουν
940 1301 969 1368 οἱ
991 1303 1154 1390 θεοφιλεῖς
1182 1301 1303 1388 ἄνδρες,

24 1445 25 1448 “
60 1425 85 1486 τύ
104 1422 335 1510 ἀπερίσπαστον
359 1427 540 1509 συνέβαινεν
564 1424 720 1490 ἀπολέσαι
744 1434 867 1510 μικροῦ,
892 1430 948 1494 καί
972 1423 1056 1512 εἶχεν
1081 1423 1119 1492 ἂν
1143 1421 1223 1490 οότω
1239 1448 1304 1500 πως

59 1551 312 1635 εεριρρονηθῆναι
339 1545 356 1614 ό
385 1547 469 1633 ἱερός
501 1551 620 1635 λειμιῦν
647 1553 703 1614 καί
731 1547 941 1638 όφθήσεοθαι
969 1547 1169 1636 ἀτημέλητος
1198 1550 1243 1624 είς
1270 1550 1305 1616 ὃν

23 1675 25 1764 ,ί
59 1673 182 1756 πρόβατα
205 1673 322 1754 λογικὰ
347 1671 564 1740 ἀναπαύονται
588 1672 634 1747 εἰς
657 1675 751 1738 τόπον
775 1673 877 1760 χλόης
901 1675 1188 1760 κατασκηνούμενα
1211 1674 1305 1740 πολι·

59 1803 126 1868 τείας
158 1797 335 1883 μοναδικῆς
370 1795 427 1862 καί
450 1793 500 1862 ίπί
527 1792 643 1870 ύδατος
672 1793 882 1870 ἀναπαύσεως
910 1797 1047 1882 θεωρίας
1075 1800 1131 1860 καὶ
1163 1797 1307 1882 πράξεως,

59 1915 263 2007 ἐκτρεφόμενα,
288 1918 316 1984 εί
339 1921 382 2007 μή
405 1921 590 2006 προμηθείᾳ
614 1930 652 2006 τῆ
676 1925 833 2004 κρείττονι
856 1922 891 1984 τό
911 1919 1100 2007 διηρημένον
1124 1917 1186 1984 ἀπό
1211 1942 1304 2006 σχοι-

57 2033 185 2127 νίοματος
208 2051 264 2108 τοῦ
289 2037 453 2130 βωμαίκοῦ
477 2046 626 2132 συνήφθη
650 2047 706 2108 καί
731 2045 900 2130 ουνηνιύθη
924 2047 981 2108 καὶ
1005 2039 1064 2108 ὑπὸ
1087 2055 1180 2130 δίῑῑίίοι
1204 2041 1301 2132 ὤφθη

58 2175 99 2230 τοῦ
118 2171 289 2252 κρατίστου
311 2171 367 2234 καί
391 2163 483 2248 ἁγίου
507 2189 568 2254 μου
593 2162 839 2253 αὐτοκράτορος.
864 2170 1043 2232 τοίνυνκαὶ
1065 2177 1124 2232 τῦν
1148 2171 1303 2253 πραγμά-

59 2311 103 2354 ιιιν
122 2293 369 2378 προχωρούντων
393 2291 501 2365 καλιῦς
523 2295 580 2356 καί
602 2299 657 2356 τοῦ
680 2300 835 2377 κραταιοῦ
862 2296 919 2356 καί
943 2289 1035 2370 ἀγίου
1061 2313 1124 2378 μου
1148 2290 1305 2356 αύθέντου

22 2457 23 2520 η
57 2419 98 2478 καί
122 2417 278 2499 βασιλέως
300 2411 341 2480 δι’
367 2413 506 2504 ἐφέσεως
530 2414 663 2501 ἔχοντος
688 2423 743 2500 τῆς
765 2415 886 2502 πολλῆς
914 2417 973 2500 πρό
996 2418 1119 2480 πάντων
1148 2419 1204 2480 καί
1226 2410 1303 2500 όπέρ

22 2535 23 2538 ’
56 2542 137 2604 πάντα
165 2539 261 2628 ἔργον
289 2543 373 2605 τουτί
400 2542 435 2604 τύ
464 2541 617 2628 θεοφιλές
640 2541 909 2624 παρεκτείνεσθαι
932 2542 967 2604 τό
996 2542 1031 2604 τό
1056 2537 1180 2624 ἑδραῖον
1204 2541 1304 2604 πλου-

58 2673 103 2726 τεῖν
133 2668 172 2728 τά
208 2660 294 2740 ἅπαξ
327 2661 548 2752 ἀφιερωθέντα
575 2661 618 2736 ὡς
642 2659 716 2728 όοια
739 2661 781 2748 τῷ
808 2661 886 2750 θεῷ,
915 2667 1078 2749 συντρέχει
1104 2667 1184 2748 πρὸς
1212 2672 1304 2730 τοῦτο

21 2795 22 2850 ί
58 2791 98 2850 καὶ
117 2785 135 2874 ή
152 2788 302 2872 βασιλεία
325 2809 386 2873 μου
406 2799 445 2874 τῆ
469 2785 576 2875 έφέσει
598 2789 654 2852 καί
677 2785 720 2872 τῷ
745 2786 855 2872 σκοπῷ
877 2795 931 2850 τοῦ
947 2792 1117 2872 κρατίστου
1133 2790 1189 2850 καί
1212 2785 1305 2865 ἀγίου

21 2869 22 2964 ἀ
59 2933 103 2994 μου
123 2908 369 2998 αὐτοκράτορος,
397 2915 453 2976 καί
476 2913 511 2976 τύ
536 2909 703 2996 ἐλάττωμα
732 2908 861 2996 ἀνιατή,
888 2909 1039 2990 ἐπανάγει
1065 2915 1122 2976 καί
1149 2912 1184 2974 τύ
1213 2905 1304 2974 όοτέ-

21 3023 22 3086 ἀ
59 3055 128 3120 ρημα
149 3033 341 3121 ἀποβάθραν
364 3035 393 3098 δ’
418 3033 483 3100 οίόν
499 3057 568 3098 τινα
592 3032 648 3098 καί
670 3034 837 3119 θέμεθλυν
863 3032 1002 3120 ἀρραγές
1024 3038 1080 3099 καί
1103 3033 1157 3120 τήν
1180 3042 1303 3118 παροῦ-

58 3179 101 3222 σαν
128 3159 398 3247 ἀργυροβούλλιύν
433 3181 493 3244 μου
517 3159 639 3246 γραφήν
667 3159 720 3224 διὰ
744 3167 799 3244 τῆς
824 3155 1039 3244 έλεημοούνης
1066 3166 1121 3224 τοῦ
1149 3166 1304 3241 κραταιοῦ

58 3287 99 3346 καί
118 3281 209 3364 ἁγίου
244 3305 307 3371 μου
331 3279 486 3358 αόθέντος
509 3287 565 3348 καί
601 3283 756 3366 βασιλέως
779 3293 817 3370 τῆ
853 3283 982 3367 τοιαύτη
1012 3293 1093 3368 μονῆ
1128 3281 1302 3368 ἐπιδίδωμι,

57 3402 86 3470 δι’
109 3405 145 3496 ής
179 3412 237 3474 καί
259 3409 534 3494 παρακελεύομαι,
571 3405 823 3478 ἀναποοπάσπως
859 3403 920 3470 ἀπό
949 3416 1003 3472 τοῦ
1031 3415 1085 3472 νῦν
1113 3410 1169 3472 καί
1196 3405 1240 3480 είς
1268 3409 1303 3472 τό
1381 3455 1388 3472 .

58 3527 112 3616 ίέῆς
142 3537 200 3598 καί
235 3531 452 3621 ἀναφαιρέεως
486 3529 636 3617 κατέχειν
663 3534 719 3596 καί
752 3533 909 3616 νέμεσθαι
936 3531 991 3616 τήν
1020 3525 1176 3617 ῥηθεῖσαν
1205 3533 1303 3618 μονήν

58 3657 84 3718 τό
105 3657 282 3743 διαληφθέν
310 3660 427 3743 χωρίον
455 3657 510 3741 τήν
533 3654 721 3740 Κάπραιναν
745 3658 802 3720 καί
825 3657 864 3720 πά
887 3658 1046 3740 προσόντα
1074 3657 1173 3740 τούτῳ
1200 3658 1303 3720 πάντα

59 3777 148 3845 δίκαια
174 3784 234 3847 καί
256 3783 412 3867 προνόμια
435 3783 491 3844 καὶ
514 3780 570 3865 τήν
595 3777 628 3854 ἐξ
651 3774 751 3844 αύτῦν
779 3790 885 3844 πᾶσαν
910 3777 1121 3864 ἀκολοβιύτως
1144 3777 1302 3866 ἀποφέρε-

59 3905 121 3967 σθαι
140 3905 309 3992 πρύσοδον,
333 3901 377 3976 ἀις
400 3901 524 3990 ἀφεῖλον
549 3901 629 3970 εἶναι
646 3900 708 3969 ἀπό
733 3923 769 3983 γε
792 3913 847 3968 τοῦ
864 3911 916 3968 νῦν
941 3902 1096 3990 ἀνιύτερον
1120 3905 1175 3966 καί
1196 3905 1302 3988 πάσης

59 4021 205 4116 ὀχλήσεως
230 4025 468 4114 ὑπερκείμενον,
494 4025 737 4114 ἀκαπαζήτητόν
760 4051 794 4091 τε
823 4025 885 4093 ἀπό
913 4027 1036 4092 πάντων
1064 4037 1123 4091 τιῦν
1147 4027 1304 4112 δημόσια-

59 4161 108 4214 κῦν
123 4157 311 4240 ζητημάτων
330 4150 388 4216 καὶ
407 4152 602 4238 κεφαλαίων,
627 4151 662 4226 ἐξ
678 4149 720 4216 ἀν
743 4156 800 4216 καί
816 4173 886 4226 τιναΙ
902 4145 1101 4238 ῥηθήσονται
1117 4151 1301 4238 κεφαλαιω-
1391 4189 1398 4214 ι

59 4271 115 4352 δῦς,
135 4275 232 4364 ήγοον
253 4273 439 4359 ἀγγαρείας,
462 4277 712 4362 παραγγαρείας,
737 4279 863 4360 ζημίας,
888 4278 1108 4360 ψωμοζημίας,
1133 4274 1302 4361 βασιλικῆς
1365 4341 1369 4349 ,

60 4403 260 4478 καταθέαιως,
274 4399 443 4472 συνδυσίας
454 4396 601 4484 πλωΐμων
613 4401 670 4462 καί
682 4395 791 4483 ἑτέρας
806 4401 911 4484 πάσης
923 4400 979 4461 καί
990 4401 1141 4470 παντοίας
1155 4395 1303 4482 ἐπηρείας

59 4526 101 4584 καὶ
119 4525 318 4612 δημοσιακῆς
346 4525 547 4610 αυζηεήοεως
571 4531 623 4586 νῦν
647 4545 679 4586 τε
700 4518 930 4607 ἐνεργουμένης
958 4524 1013 4584 καί
1038 4519 1205 4606 ἐσύστερον
1232 4519 1301 4586 ἑπι-

61 4650 300 4736 νοηθηοομένης,
324 4645 366 4722 ὡς
391 4648 528 4712 έντεῐθεν
553 4647 608 4710 καὶ
633 4647 705 4719 τούς
735 4643 765 4708 ὲν
790 4655 828 4731 τῆ
854 4655 934 4730 μονῆ
963 4643 1220 4732 ἀνασκυυμένους
1245 4644 1301 4710 ἄν·
