3238 5282
1603 89 1604 160 ί

744 353 747 358 ’
1603 359 1604 414 ί

263 425 418 490 ἰῦιωτείαν
447 425 503 490 καὶ
531 425 696 511 ἀγροικίαν
731 432 788 490 καῖ
816 425 1007 512 ἀρχοντικήν
1041 425 1328 504 καταδυναστείαν,
1357 425 1443 492 ἀλλὰ
1471 431 1532 491 καί

263 547 356 614 αὐτόν
385 553 438 614 τόν
463 551 641 635 μεταμελον
670 554 725 613 καί
748 552 800 614 τόν
837 549 886 615 ἐπὶ
914 549 958 636 τερ
985 552 1152 636 μεταμέλῳ
1182 551 1359 636 μετάμελυν
1386 549 1445 616 καὶ
1471 552 1530 636 τήν

263 673 301 735 έκ
329 673 439 736 τοῦτου
469 671 655 759 τικτομένην
679 669 751 760 ήμῖν
780 671 907 759 ἀγωγήν
932 673 976 746 είς
1001 679 1160 760 αναίρεσιν
1188 685 1243 739 τοῦ
1270 677 1425 758 παρόντος
1449 672 1529 760 ὲρη-

262 801 427 880 ρεισμένου
450 802 506 861 καί
530 796 731 883 ἀκραδοίντου
755 804 928 883 πρατηρίυυ
953 797 1111 886 ἐγγράφου
1134 795 1222 884 ἡμῶν
1246 801 1324 882 πρός
1348 793 1430 883 ὑμᾶς
1453 799 1528 869 τοῦς
1603 805 1604 894 ή

261 924 566 1016 πανευγενεστοίτους
590 919 767 1006 δμυζόγυυς
790 927 846 985 καί
878 927 1005 1006 κυρίους
1039 919 1137 1008 ἡμῶν,
1163 926 1216 986 τόν
1250 945 1282 986 τε
1309 923 1526 1007 περιπόθητον

262 1046 403 1129 γαμβρόν
432 1053 486 1108 τοῦ
515 1055 668 1130 κραταιοῦ
696 1051 752 1110 καί
777 1043 867 1125 ἁγίου
890 1043 978 1132 ήμιῦν
1003 1043 1159 1110 αὐθέντου
1186 1044 1243 1110 καὶ
1271 1047 1443 1128 βασιλέως,
1469 1047 1525 1108 τόν

261 1173 547 1247 πανευγενὲοτατον
571 1171 697 1234 Λοῦκαν
724 1169 884 1248 Ἄγγελον
908 1181 967 1254 κῦρ
992 1168 1155 1234 Νικόλαον
1179 1169 1345 1254 Κομνηνόν
1369 1171 1423 1234 τόν
1452 1167 1529 1234 Ma·

263 1294 423 1380 λιασηνόν,
448 1297 504 1358 καί
528 1294 582 1378 τήν
605 1296 818 1378 περιπόθητον
843 1315 900 1358 σου
919 1296 1063 1378 σύμβιον,
1087 1295 1141 1379 τήν
1158 1295 1370 1378 περιπόθητον
1394 1291 1528 1378 ἀνεψιὰν

263 1426 318 1480 τοῦ
346 1426 501 1500 κραταιοῦ
537 1419 593 1479 καί
621 1413 713 1495 ἁγίου
742 1413 830 1502 ήμῶν
860 1413 1017 1480 αόθέντυυ
1052 1420 1108 1480 καί
1142 1415 1307 1500 βασιλέως,
1337 1435 1529 1494 πανευγενε-

264 1543 381 1626 στοίτην
406 1539 582 1606 Δυόκαιναν
606 1539 792 1618 Ἀγγελίναν
816 1539 1076 1620 Παλαιολαγίναν
1091 1543 1191 1626 κυράν
1214 1539 1331 1604 Ἄνναν
1354 1539 1528 1625 Κυμνηνήν
1603 1561 1604 1616 γ

265 1667 319 1750 τήν
342 1662 560 1750 Μαλιασηνήν,
583 1665 636 1750 τήν
661 1667 873 1750 κτητόριοσαν
898 1674 953 1750 τής
970 1651 1148 1750 σεβασμίας
1168 1673 1402 1750 πατριαρχικής
1425 1673 1529 1750 μονῆς

264 1796 320 1852 τοῦ
344 1792 447 1873 τιμίου
469 1789 659 1862 πανενδόξου
681 1790 844 1874 προφήτου
865 1787 1053 1874 Πρυδρόμου
1076 1799 1131 1871 τής
1155 1783 1235 1852 οὕτω
1257 1809 1323 1858 πως
1347 1785 1528 1872 ἐπικεκλη-

267 1917 362 1998 μένης
391 1921 447 1999 τής
474 1909 561 1984 Νέας
585 1911 709 1996 Πέτρας
744 1922 798 1998 τής
823 1909 854 1974 ἐν
878 1911 920 1996 τῴ
943 1915 1062 1996 θέματι
1090 1919 1145 1996 τής
1169 1911 1422 1997 Δρυανουβαίνης
1451 1911 1527 1974 δια-

265 2040 424 2122 κειμένης,
449 2037 489 2099 δι’
514 2031 597 2120 όμιῦν
620 2059 650 2098 τε
675 2038 751 2120 πρός
775 2039 809 2100 τό
834 2032 907 2099 ὅλον
933 2025 1026 2121 μέρος
1050 2041 1105 2099 καί
1123 2037 1276 2121 πλήρωμα
1299 2044 1355 2121 ιής
1377 2036 1528 2120 τοιαύτης

266 2166 374 2245 μονῆς,
403 2160 517 2230 καθὼς
544 2160 780 2244 δηλωθήσεται.
810 2163 866 2222 καί
895 2162 955 2243 γὰρ
984 2157 1092 2244 ἐπειδή
1123 2157 1184 2223 ἀπό
1212 2138 1275 2223 τῶν
1299 2161 1527 2244 καθημερινων

268 2281 389 2370 ἐφόδων
417 2292 477 2346 τῶν
506 2279 724 2368 ἐπερχομένων
753 2293 791 2368 τη·
815 2286 907 2370 χώρορ
929 2278 1017 2368 ήμῶν
1042 2295 1079 2370 τη·
1106 2282 1294 2347 Βελεστίνυυ
1322 2281 1366 2354 εἰς
1388 2282 1530 2366 παντελῆ

268 2404 403 2490 ἀπορίαν
413 2409 658 2492 κατηντήσαμεν
671 2409 907 2491 γυμνιτεόοντες
921 2404 963 2478 ὡς
975 2411 1031 2470 καί
1045 2403 1141 2492 αὐτῆς
1153 2407 1267 2491 σχεδόν
1282 2415 1336 2490 τής
1351 2403 1534 2483 ἀναγκαίας

267 2537 384 2614 τροφής
419 2524 633 2614 ὑστερεῖσθαι,
669 2531 732 2593 δεῖν
767 2527 921 2617 ᾠήθημεν
949 2533 1027 2594 καθ’
1064 2527 1194 2602 ἑαυτοὺς
1222 2529 1533 2614 συνδιασκεψόμενοι

268 2649 507 2738 ἐκποιήσασθαι
530 2651 578 2716 ἐπὶ
599 2654 744 2717 παντελεῖ
760 2655 930 2738 διαπράσει
954 2657 988 2718 τό
1014 2651 1166 2738 ἀμπέλιον
1190 2647 1277 2738 ήμῶν
1295 2654 1329 2716 τό
1354 2651 1386 2714 ἐν
1411 2662 1450 2738 τῇ
1475 2673 1533 2716 πε-

267 2786 361 2861 ριοχή
385 2783 439 2838 τοῦ
463 2775 651 2840 Βελεστίνυυ
675 2779 710 2840 τό
727 2779 861 2864 πλησίον
887 2777 978 2841 ἔνθεν
1003 2775 1157 2842 κάκεῖθεν
1182 2786 1242 2840 τιῦν
1259 2777 1392 2838 δικαίων
1416 2773 1530 2860 ἑτέρων

268 2907 322 2985 τῆς
357 2901 559 2986 δηλωθείσης
595 2910 692 2987 μονής
726 2911 780 2966 τοῦ
809 2901 1010 2986 Πρυδρόμου,
1048 2903 1083 2963 τό
1111 2899 1151 2963 δι’
1187 2897 1312 2962 οἰκείων
1340 2901 1448 2962 κόπων
1477 2901 1533 2962 καί

268 3021 381 3098 ἐξόδων
413 3021 490 3108 ἐμοῦ
519 3031 572 3086 τοῦ
607 3023 846 3088 Κωνσταντίνου
870 3027 1123 3111 καταφυτευθὲν,
1159 3027 1272 3095 καθως
1299 3032 1391 3086 τοῦτο
1415 3027 1532 3093 πάντες

268 3150 472 3226 γινώσκουσιν
502 3146 531 3210 οἱ
559 3152 788 3226 γειτνιοίζοντες
822 3145 909 3234 ήμῖν,
945 3152 1002 3212 καί
1033 3149 1087 3212 διὰ
1122 3157 1176 3212 τοῦ
1211 3151 1385 3232 τιμήματος
1417 3148 1532 3210 τοῦτου
1603 3131 1604 3168 ¹

269 3271 493 3356 ἐξωνήσασθαι
529 3273 602 3354 βοῦν
631 3269 770 3356 ἀροτήρα
799 3277 854 3336 καί
890 3271 1087 3356 ἐργάζεσθαι
1116 3273 1171 3358 τήν
1205 3273 1350 3356 βότειραν
1378 3279 1447 3350 γῆν,
1482 3267 1534 3332 ἵνα

268 3392 329 3456 κάν
357 3392 393 3457 ὲκ
422 3396 531 3458 τούτου
561 3397 616 3480 τήν
642 3399 818 3480 ζωοίρκειαν
847 3392 934 3481 ήμιόν
959 3395 1083 3480 ἔχωμεν
1108 3394 1330 3481 ἀνυστέρητυν,
1359 3397 1415 3458 καί
1440 3401 1531 3457 τοῦτο

269 3511 367 3589 οὕτως
399 3527 532 3603 ποιήσαι
560 3519 799 3604 διανοηθέντες,
834 3520 1064 3602 πρυσήλθυμεν
1093 3514 1161 3604 ὑμῖν
1192 3529 1253 3590 τοῖς
1279 3521 1532 3595 πανευγενεστά-

268 3661 335 3712 τοις
361 3636 529 3726 όμοζῦγοις
545 3647 600 3706 καί
623 3647 741 3728 κυρίοις
764 3639 865 3728 ήμῶν,
892 3641 933 3714 ὥς
958 3643 1069 3706 δίκαια
1092 3641 1206 3728 έχουσι
1228 3643 1451 3727 πλησιασμῶν,
1476 3643 1530 3703 καί

268 3767 339 3848 περί
372 3772 427 3848 τῆς
456 3763 651 3850 ἐκπυιήσεως
680 3775 734 3830 τοῦ
769 3763 971 3852 δηλωθέντυς
1007 3764 1163 3851 ἀμπελίου
1191 3767 1376 3851 δεδώκαμεν
1411 3764 1531 3850 εἴδησιν

270 3897 308 3972 τῇ
338 3885 499 3973 ἀντιλήψει
528 3886 627 3973 ὑμῶν,
663 3885 748 3974 ὑμεῖς
773 3891 808 3953 δέ
833 3891 867 3953 τό
893 3893 948 3974 μὲν
972 3890 1025 3952 διὰ
1053 3891 1088 3953 τὸ
1112 3890 1199 3975 ἔχειν
1227 3892 1330 3954 πόθον
1353 3893 1409 3952 καὶ
1433 3909 1530 3975 φρον-

271 4011 340 4074 τίδα
364 4015 448 4074 κατὰ
468 4014 548 4076 θεόν
575 4016 843 4099 προσκτήσασθαι
872 4026 909 4100 τη·
938 4016 1124 4099 δηλωθείση
1155 4025 1236 4099 μονή
1260 4023 1315 4077 τοῦ
1343 4012 1530 4097 Πρυδρόμου

270 4267 309 4344 τη
338 4257 460 4344 αἰτήσει
488 4255 585 4345 ήμῶν.
614 4261 921 4346 κοινολογησάμενοι
950 4270 1026 4340 γοῦν
1056 4258 1231 4348 ἀμφότεροι
1258 4264 1327 4344 περί
1354 4268 1409 4323 τοῦ
1438 4261 1531 4344 τιμή-

272 4403 370 4466 ματος
394 4391 448 4447 τυῦ
471 4382 673 4468 δηλωθέντος
702 4381 858 4469 ἀμπελίου
880 4387 1132 4469 περιεστήσαμεν
1157 4387 1191 4448 τό
1216 4385 1327 4448 τοῦτου
1354 4387 1479 4467 τίμημα
1502 4379 1531 4453 ἐξ

271 4503 439 4590 ἀρεσκείας
466 4511 522 4572 καί
557 4505 741 4594 ἀμφοτέρων
764 4503 852 4592 ήμῶν
881 4518 940 4572 τῶν
966 4519 1067 4592 μεροῖν
1092 4506 1135 4580 είς
1164 4511 1343 4592 νομίσματα
1371 4501 1528 4590 ότέρπυρα
1603 4559 1604 4562 ,

272 4626 369 4705 όκτιό,
398 4634 432 4694 τό
460 4627 487 4694 δ’
519 4628 689 4717 όπέρπλεον
713 4633 828 4696 τούτων
857 4630 1126 4718 ἀποχαριίόμεθα
1155 4643 1194 4718 τῇ
1221 4633 1408 4716 δηλωθείση
1438 4638 1526 4714 μονή,
1603 4659 1604 4676 ι

1603 3273 1604 3328 ί

1603 3329 1604 3382 ί

1603 3383 1604 3428 ι

1603 3435 1604 3502 ί

1603 3929 1604 3982 ί

271 4133 406 4220 ἀκίνητά
430 4155 498 4198 τινα
521 4140 679 4222 κτήματα,
705 4140 739 4200 τό
763 4139 797 4202 δὲ
822 4137 875 4202 διὰ
899 4139 954 4224 τήν
981 4138 1184 4222 παράκλησιν
1207 4133 1296 4223 ήμιῦν
1319 4137 1530 4200 κατενεῦσατε

1603 4241 1604 4312 ί

1603 4697 1604 4736 ι
