3190 5284
291 253 353 316 108

287 443 502 528 ἀναλαβόντες
530 451 585 531 την
615 467 648 507 τε
680 455 778 530 μονην
807 447 863 508 καί
892 448 931 508 τὰ
959 445 1264 530 προσόντα-ταύτην
1287 447 1471 530 πράγματα,
1499 465 1572 508 τισι-

285 571 415 654 δώσπερ
442 567 726 654 παρεδηλύοαμεν·
757 565 921 654 δφείλουσι
945 568 1164 641 δεσπύξεσδαι
1188 570 1274 652 παρὰ
1301 575 1353 653 τῆς
1376 589 1573 653 προαναπε-

286 696 474 778 φωνημίνης
503 692 767 776 σεβασμιωτάτης
797 691 966 777 βασιλικῆς
991 701 1088 776 μονῆς
1112 696 1168 754 καί
1192 701 1251 755 τῶν
1276 686 1325 756 ὁπ’
1356 685 1453 776 αὐτὴν
1482 711 1573 755 παν-

288 819 383 880 οσίων
413 824 561 900 μοναχων
590 812 628 880 ἐκ
658 822 712 876 του
740 815 895 898 παρόντος
925 811 973 878 ἐπί
1001 814 1107 898 τελείορ
1134 819 1189 878 καί
1219 811 1417 903 ἀναφαιρέτιρ
1442 815 1571 878 δεσπο-

288 943 357 1020 τείη
379 941 436 1002 καί
459 939 620 1022 κυριότητι
645 935 688 1009 εἰς
712 937 785 1006 τούς
809 934 880 1022 ἑξῆς
902 934 1044 1009 ἅπαντας
1066 941 1122 1001 καί
1146 939 1301 1023 διηνεκεῖς
1330 937 1448 1010 αίῶνας
1474 935 1570 1000 ἁπα-

288 1064 488 1146 ρασπάστως,
509 1058 728 1136 ἁδιασείστως,
751 1057 984 1147 ἁνενοχλήτως,
1007 1057 1210 1148 ἀνεγκλήτως
1226 1057 1283 1124 καὶ
1307 1059 1569 1148 ἁνεπιφωνήτως,

288 1185 328 1249 δι’
349 1181 388 1270 ἧς
404 1189 460 1248 καί
482 1181 688 1268 ἐπεδόύησαν
705 1186 799 1268 χάριν
824 1177 931 1269 αὐτῆς.
958 1179 975 1248 ό
999 1184 1034 1247 δὲ
1050 1186 1127 1268 πρός
1154 1181 1314 1268 ἀναίρεσιν
1339 1185 1489 1270 βουληθῇ
1510 1191 1570 1246 τοῦ

288 1311 444 1393 παρόντος
466 1303 555 1394 ἡμῶν
580 1303 766 1392 ἐκδοτηρίου
784 1307 948 1394 ἐγγράφου
972 1310 1027 1370 καί
1050 1308 1105 1394 την
1131 1307 1228 1392 μονὴν
1252 1309 1366 1392 ταύτην
1390 1307 1571 1392 θελήσειεν

290 1430 554 1509 ἀποσπάσασθαι,
583 1425 635 1516 ἀφ’
659 1425 699 1515 ἧς
723 1427 848 1503 ἐξέδοτο
872 1435 945 1512 παρ’
969 1425 1072 1514 ἡμῶν,
1098 1427 1114 1494 δ
1138 1437 1290 1506 τοιούτος,
1315 1425 1421 1502 ὁποῖος
1446 1427 1486 1492 ἂν
1513 1431 1572 1491 καί

291 1553 367 1630 εἶεν,
396 1555 596 1640 κληρονόμος
625 1557 746 1631 γίνοιτο
775 1563 843 1624 ταῖς
872 1551 963 1636 ἀραῖς
991 1562 1051 1616 τῶν
1075 1558 1264 1638 τριακοσίων
1288 1553 1456 1616 δεκαοκτὼ
1482 1555 1571 1616 δεο-

289 1681 392 1766 φύρων
409 1681 550 1763 πατέρων
574 1685 634 1740 τῶν
659 1674 691 1738 ἐν
714 1673 846 1758 Νικαίη,
871 1680 928 1738 καί
951 1673 971 1762 ἡ
997 1679 1085 1760 μερίς
1110 1672 1206 1740 αύτού
1232 1679 1311 1762 μετὰ
1334 1685 1389 1740 τού
1405 1677 1570 1761 προδότου

290 1799 394 1866 Ἰούδα
421 1805 477 1864 καί
505 1802 584 1884 μετὰ
608 1808 668 1862 τῶν
693 1798 851 1862 εἰπόντων·
877 1796 966 1884 ἁρυν,
993 1795 1086 1883 ἁρυν,
1116 1802 1299 1884 σταύρωσον
1322 1801 1375 1862 τόν
1399 1808 1454 1864 τού
1482 1801 1570 1863 θεοῦ

290 1921 366 1990 υἱόν.
399 1921 448 1988 ἐπί
478 1925 576 2006 τούτῳ
600 1925 655 1986 καί
679 1922 733 2006 την
757 1930 920 2006 παροῦσαν
945 1919 1179 2022 ἐκδοτηριακὴν
1207 1919 1295 2008 ἡμῶν
1321 1923 1483 2008 ἔγγραφον
1508 1943 1569 1984 πε-

289 2048 478 2133 ποιήκαμεν,
503 2042 572 2130 ἥτις
596 2049 652 2108 καί
667 2045 708 2108 δι’
734 2043 910 2132 ἀσφάλειαν
933 2047 1174 2131 πιστωύήσεται
1194 2049 1280 2130 παρὰ
1303 2053 1358 2108 τοῦ
1383 2042 1570 2124 ἁγιωτάτου

288 2167 379 2256 ἡμῶν
399 2169 566 2244 δεσπότου,
591 2177 645 2231 τοῦ
671 2169 904 2253 μητροπολίτου
921 2165 1064 2253 Σμύρνης
1088 2165 1232 2246 ὄπισθεν,
1255 2172 1344 2253 παρὰ
1367 2169 1403 2232 δὲ
1426 2177 1491 2232 τῶν
1511 2169 1571 2232 ὲκ·

289 2298 404 2378 κρίτων
428 2291 589 2378 κληρικων
613 2298 668 2376 τῆς
690 2285 788 2377 αύτης
812 2288 991 2376 ἁγιωτάτης
1013 2292 1236 2377 μητροπόλεως
1252 2294 1409 2356 κάτωθεν.
1435 2289 1567 2378 ἐγράφη

290 2416 327 2481 δὲ
354 2412 374 2503 ἡ
402 2423 548 2500 παροῦσα
572 2411 788 2500 ἐκδοτηριακη
819 2413 979 2502 ἔγγραφος
1006 2421 1080 2501 παρ’
1109 2413 1187 2500 ἐμοῦ
1216 2424 1270 2480 τοῦ
1300 2415 1475 2480 σακελλίου
1510 2423 1569 2500 τῆς

197 2623 198 2626 ¹
292 2535 391 2624 αύτῆς
419 2535 599 2623 ἁγιωτάτης
628 2538 864 2624 μητροπόλεως,
890 2536 1033 2613 Ἀλεξίου
1060 2547 1115 2602 τού
1143 2537 1330 2626 Μαρούλλη.
1367 2538 1420 2624 τῷ
1455 2539 1566 2624 ,ςψπ

293 2658 1090 2745 δευτέρῳἔτειέπίδευτὲρηίνδ.’γ.

380 2782 465 2865 †‘0
495 2783 798 2871 χαρτοφύλαξ
826 2792 903 2870 τῆς
932 2779 1201 2870 ἁγιωτάτης
1231 2782 1572 2870 μητροπόλεως

288 2909 511 2993 Σμύρνης,
541 2905 780 2994 Στέφανος
808 2902 825 2970 ό
849 2903 1089 2991 Καδαρὸς,
1119 2911 1197 2972 καί
1229 2904 1369 2980 αύτύς
1398 2929 1571 2992 μαρτυ-

289 3043 373 3117 ρῶν
401 3026 647 3116 ύπέγραψα
675 3025 1304 3115 γ.*ς“οἁχρε”ιοςένίερεύσι
1332 3033 1411 3095 καί
1439 3028 1569 3095 οἰκο-

289 3151 1570 3240 νόμοςτῆςάγιωτότηςμητροπόλεωςΣμύρνης,Δαυίδ

291 3276 601 3362 ύἈληδινός,
638 3277 715 3362 τὴν
746 3282 988 3359 παροῦσαν
1024 3274 1219 3340 ἔκδοσιν
1255 3287 1336 3340 τῶν
1372 3273 1571 3342 ύπυστσι-

293 3409 431 3464 πικῶν
458 3402 741 3485 πραγμάτων
771 3408 849 3484 τῆς
882 3407 1024 3485 μονῆς
1051 3407 1129 3464 τού
1158 3397 1296 3478 ἁγίου
1328 3399 1570 3485 Γεωργίου

294 3518 1569 3610 μαρτυρῶνύπόγραψαΗὉμὲγαςσακελλὰριυςτῆς

294 3643 563 3732 ἁγιωτάτης
611 3646 946 3732 μητροπόλεως
985 3637 1224 3732 ’Σμύρνης,
1265 3645 1505 3732 Γειύργιος
1553 3645 1569 3710 ύ

292 3765 1571 3856 Καδαρός,τηνπαρούσανἔκδοσινκαίαύτόςμαρτυ-

291 3887 694 3977 ρῶνύπόγραψαξ.
725 3888 1298 3979 ’[Ὁμόγαςσκευοφύλαξ
1326 3903 1404 3979 τῆς
1434 3891 1570 3973 ἁγιω-

292 4011 1571 4101 τοίτηςμητροπόλεωςΣμύρνης,ΚωνσταντῑνοςύΣτα-

297 4137 524 4225 φηδακας,
558 4139 635 4222 τὴν
670 4144 921 4221 παροῦσαν,
957 4135 1152 4203 ἔκδοσιν
1187 4143 1265 4204 καί
1302 4137 1442 4213 αύτός
1473 4137 1570 4204 ύπὲ-

297 4265 448 4346 γραψα
477 4265 506 4339 †.
535 4264 555 4340 †
582 4258 617 4326 Ὁ
645 4260 971 4344 πρωτόκδικος
999 4271 1077 4348 τῆς
1106 4258 1376 4350 ἁγιωτάτης
1405 4285 1569 4351 μητρο-

299 4387 476 4457 πόλεως
504 4383 728 4470 Σμύρνης,
757 4383 1117 4458 Κωνσταντῑνος
1146 4383 1162 4450 ό
1191 4383 1456 4472 Μακρηνὰς,
1493 4387 1567 4472 τήν

299 4502 1567 4594 παροῦσανἔκδοσινκαίαύτόςύπίγραψαΜὉιτρω-

296 4629 1565 4720 τονοτάριοςτηςἁγιωτάτηςμητροπόλεωςΣμύρνης,
