3140 5306
285 235 349 296 240

283 425 477 510 συγγάμβριρ
506 420 616 508 αὐτῆς,
641 423 731 488 δουκί
759 431 813 490 τοό
840 426 986 508 δόρατος
1013 431 1072 488 τῶν
1100 425 1301 510 Θρακηοίων,
1325 431 1383 508 τιόρ
1413 421 1546 507 Ἰωάννη

280 547 390 630 Δοόιια
412 545 455 632 τερ
482 545 657 630 Κουρτίκη,
681 554 817 632 τηρήσαι
840 549 879 610 τὰ
906 549 976 632 περί
1004 547 1113 612 τούτου
1142 547 1275 632 διμερῶς
1302 550 1468 630 παρουσίη
1493 550 1548 609 καί

283 681 343 735 τῶν
366 673 449 733 κατὰ
473 673 566 734 τόπον
591 667 764 755 είδηρόνων
789 649 974 746 ἀνθρώπων,Ι
997 673 1053 734 καί
1077 665 1131 734 ἐὰν
1155 665 1307 756 εὑρήσεις,
1333 665 1381 734 ὅτι
1404 672 1496 753 παρὰ
1512 671 1546 731 τό

283 794 408 858 δίκαιον
435 791 564 856 έλκεται
592 795 626 858 τό
656 796 749 876 μέρος
777 801 833 877 πής
861 801 958 878 μονής
988 790 1031 866 εές
1055 793 1235 878 τελέσματα
1262 789 1320 858 ὁπό
1349 802 1406 858 τοῦ
1432 797 1546 878 μέρους

282 925 339 982 τοῦ
361 916 629 1002 Καληγυποόλυιι,
654 913 706 978 οία
730 915 811 1001 μηδὲ
838 924 892 980 τοῦ
916 923 1059 1001 ποταμοί)
1084 911 1166 986 ὅλως
1194 913 1411 1000 ἐμβάλλοντος
1441 915 1488 988 είς
1511 919 1544 979 τό

283 1041 427 1126 βιβάριον
455 1037 571 1118 αὐτῶν,
599 1036 652 1102 ἵνα
676 1050 714 1125 τή
739 1043 794 1123 μὲν
819 1017 899 1125 μονή
922 1041 1112 1124 περιποιήοη
1135 1041 1171 1102 τό
1198 1042 1300 1126 πάντη
1329 1036 1545 1126 ἀνενόχλητον

283 1166 339 1228 καί
364 1161 498 1248 ἀζήμιον
527 1161 576 1226 ἐπί
599 1174 662 1234 τοῖς
686 1165 888 1247 ζητουμένοις
913 1159 946 1236 ἐξ
970 1157 1067 1248 αότής
1093 1166 1267 1248 νομίσμασι
1289 1166 1376 1248 παρὰ
1406 1169 1465 1226 τοῦ
1490 1168 1545 1246 μέ-

284 1307 358 1370 ρους
382 1294 436 1350 τοῦ
459 1283 724 1370 Καληγοποόλου,
748 1285 800 1348 τόν
824 1283 859 1346 δέ
874 1281 1128 1368 Καληγόπουλον
1152 1283 1333 1372 ἀποτρέψης
1353 1293 1411 1350 τοῦ
1434 1289 1545 1371 μηκέτ.

281 1409 488 1495 παρενοχλεῖν
512 1402 593 1494 αὐτή
617 1411 709 1494 χάριν
733 1409 842 1472 τούτου
865 1413 896 1489 †.

370 1531 528 1618 ήΕίχε
554 1533 611 1596 τό·
641 1535 747 1617 μηνί
774 1518 1063 1618 ρευρουαρίιρ
1091 1529 1171 1596 ίνδ.
1201 1529 1227 1604 ζ’
1256 1533 1306 1596 δι’
1335 1531 1544 1616 έρυδρων

284 1659 563 1742 γραμμάτων
586 1663 664 1742 τής
686 1655 943 1741 βασιλικῆς
965 1659 1043 1720 καί
1065 1657 1203 1728 δείας
1226 1657 1388 1742 χειρός
1413 1655 1444 1732 †.

371 2145 408 2212 ΙΙ.
437 2149 467 2226 †.
495 2145 777 2235 Πρόσταγμα
800 2146 971 2234 ἕτερον,
1001 2149 1216 2234 διορίζον
1245 2147 1367 2212 εἶναι
1398 2151 1541 2232 πάντη

283 2267 602 2345 έξιιουσσάτον
640 2273 687 2334 τό
723 2273 940 2356 βιβάριον
979 2279 1056 2336 τοῦ
1094 2271 1248 2357 Γόρου,
1283 2268 1336 2344 ὦς
1371 2268 1417 2346 έξ
1453 2270 1540 2344 ἐξό-

220 2421 224 2436 ·
284 2393 1434 2481 δωνιιαίκόπωντήςμονήςοίκείωνἀνεγερδέν
1465 2391 1541 2458 υόιι

282 2513 452 2595 όλίγων
485 2519 515 2598 †.
1366 2487 1371 2506 ἐ

373 2639 502 2720 ήἘπεί
524 2643 608 2706 κατὰ
631 2641 686 2728 τήν
709 2643 902 2706 τοποθεσίαν
926 2652 985 2705 τῶν
1007 2642 1254 2727 παραιγιαλτίων
1278 2637 1425 2729 Σμόρνης
1448 2637 1539 2728 εὕρη-

286 2785 338 2828 ται
361 2767 454 2838 τόπος
479 2763 540 2830 οἰπό
564 2774 619 2830 τοῦ
643 2759 799 2830 αόλακίου
824 2771 915 2852 μέχρι
938 2733 994 2850 τής
1017 2763 1199 2850 Λαμπιδίου
1223 2774 1277 2830 τοῦ
1293 2764 1457 2852 Κουρτίκη
1482 2766 1541 2829 έπί-

285 2909 396 2973 καιρυς
423 2885 467 2960 είς
496 2889 638 2974 βιβαρίου
667 2891 771 2966 θέσιν,
808 2888 914 2953 δέεται
940 2888 975 2951 δέ
1001 2888 1209 2974 πολυχειρίας
1236 2892 1292 2954 καί
1326 2893 1463 2976 μόχθων
1489 2891 1540 2954 καί

287 3010 403 3087 ἐξόδων
427 3007 486 3078 οόκ
510 3011 634 3092 όλίγων,
658 3018 714 3078 καί
737 3013 922 3102 ἐδεήθησαν
937 3024 994 3102 τῆς
1019 3012 1182 3097 βασιλείας
1204 3035 1266 3100 μου
1290 3011 1319 3077 οἱ
1343 3024 1562 3102 συνιστάντες,

285 3135 364 3200 καθ’
388 3131 517 3222 ὁρισμόν
540 3146 596 3224 τής
620 3137 783 3219 βασιλείας
808 3159 868 3223 μου
890 3137 946 3224 τήν
970 3135 1007 3204 ἐκ
1030 3144 1101 3204 νέου
1125 3141 1344 3224 καινιζοριένην
1369 3139 1468 3224 μονήν
1491 3147 1540 3223 τής

285 3255 457 3344 ὑπεραγίας
474 3263 630 3326 θεοτόκου
654 3270 709 3347 της
731 3258 985 3348 Λεμβιωτίοοης,
1008 3259 1060 3326 ἰ’να
1083 3257 1239 3346 όριοθῶοι
1261 3265 1347 3348 παρὰ
1370 3271 1428 3348 τῆς
1452 3263 1537 3344 βασι-

234 3423 247 3442 .
284 3384 373 3458 λείας
397 3407 467 3469 μου,
490 3389 546 3462 καί
569 3385 621 3448 διὰ
641 3387 747 3448 κόπων
769 3387 825 3448 καί
848 3381 961 3472 ἐξόδων
986 3383 1109 3450 οἰκείων
1127 3381 1327 3471 ἀνεγείρωοιν
1352 3383 1384 3448 ὲν
1409 3383 1455 3470 περ’
1476 3405 1536 3446 τοι·

285 3507 365 3590 οότιρ
393 3510 477 3592 τόπῳ
504 3509 661 3593 βιβάριον,
688 3504 709 3595 ή
738 3507 886 3591 βασιλεία
913 3529 984 3593 μου,
1019 3509 1074 3596 τήν
1102 3506 1210 3594 δέησιν
1235 3506 1335 3574 αὐτῶν
1363 3505 1407 3580 ὡς
1435 3505 1533 3590 ἀβαρή

284 3634 341 3694 καί
364 3631 498 3716 ἀζήμιον
518 3629 562 3716 τῷ
588 3632 730 3717 δημοσίῳ
754 3635 995 3717 προοηκαμένη,
1020 3632 1191 3716 διορίζεται
1213 3631 1268 3696 διὰ
1298 3641 1354 3718 τής
1379 3631 1534 3718 παρούσης

283 3755 481 3839 προστάξεως
505 3751 663 3840 ἀνεγεῖραι
683 3755 754 3828 τοὺς
777 3755 939 3842 μοναχοός
962 3765 1016 3842 πής
1040 3749 1198 3842 ρηδείσης
1221 3764 1319 3841 μυνής
1343 3756 1485 3840 βιβάριον
1507 3749 1534 3814 ἐν

285 3873 367 3964 αὐτή
389 3881 445 3942 καί
467 3878 553 3965 ἔχειν
577 3879 631 3964 τήν
647 3881 801 3966 ,τοιαύτην
826 3881 922 3966 μονήν
945 3878 990 3954 είς
1013 3881 1048 3944 τό
1077 3879 1186 3945 ἔπειτα
1214 3877 1340 3964 ἆβαρῶς
1362 3881 1464 3964 πάντη
1486 3877 1535 3940 καί

174 3971 177 3978 ¹
284 3989 381 4088 χωρὶς
400 4007 522 4067 πάκτου
542 4007 598 4067 καί
621 4003 743 4076 δόσεως
764 4002 972 4089 οἱασδήτινος,
996 4000 1039 4077 ὡς
1064 4001 1097 4079 ἐξ
1120 4000 1244 4068 οίκείων
1266 4006 1374 4067 κόπων
1397 4006 1452 4066 καί
1468 3999 1533 4074 ἐξό-

284 4126 346 4190 δων
369 4122 429 4191 οὐκ
451 4123 563 4206 όλίγων
588 4128 766 4213 μέλλουσαν
791 4125 970 4214 ἀναστῆσαι
997 4121 1087 4210 αὐτό,
1115 4136 1171 4190 τοῦ
1198 4129 1419 4212 πανσεβοίστου
1446 4125 1533 4206 σεβα-

283 4259 359 4314 στοῦ
383 4249 502 4315 οἰκείου
524 4261 563 4336 τή
587 4251 734 4336 βασιλεία
757 4272 827 4336 μου,
852 4259 906 4316 τοῦ
929 4254 1214 4338 παρακριμωμένου
1236 4259 1296 4336 κϋρ
1319 4249 1461 4326 Ἀλεξίου
1483 4254 1531 4310 τιό

281 4371 455 4458 Καρτεροῦ,
479 4370 659 4461 όρείλοντυς
679 4361 911 4458 ἀντιλαβέσθαι
932 4381 986 4438 τοῦ
1011 4377 1123 4460 μέρους
1147 4382 1203 4458 τής
1224 4383 1333 4460 μονής,
1357 4343 1387 4438 τέ
1407 4394 1443 4452 γε
1461 4370 1531 4440 ἴσως

282 4491 476 4583 ἐπιχειρήσει
503 4521 548 4572 τις
576 4499 723 4583 κωλύμην
752 4495 928 4578 ἐπενεγκεῖν
957 4507 1020 4572 τοῖς
1048 4495 1081 4562 ἐν
1108 4496 1150 4582 τῷ
1177 4493 1348 4583 ἀνεγείρειν
1374 4500 1431 4562 καί
1453 4515 1530 4560 συνι-

284 4629 362 4684 οτᾶν
384 4623 420 4684 τό
443 4627 583 4688 τοιοῦτον
608 4621 750 4705 βιβάριον
773 4623 801 4700 †.
