3140 5284
224 439 415 508 LXXXVIII.
438 441 668 520 6776-1268,
686 461 792 508 moneo
807 439 927 522 martio,
944 439 1008 506 ind.
1026 440 1076 506 XL

276 573 401 628 ΔΓιτίιοὲί
418 573 565 644 Αρείπιοιιτ
580 577 750 630 monasterio
766 575 857 630 ίνσάίί
872 591 1011 644 campum.

117 687 341 775 ίΓράμμα
379 693 704 777 παραδοτικύν
741 694 976 774 σεβαστοῦ
1013 697 1090 754 τοῦ
1127 687 1277 756 Ἀπελ-

61 815 134 896 μτνί
163 822 300 898 κυροῦ
334 812 523 900 Μιχαὴλ
558 811 630 880 ίπί
664 825 1104 901 τοίςπρογραφιίσι
1133 831 1278 897 χωρα·

60 940 149 1022 ρίοις
179 943 253 1000 τοῦ
290 939 501 1024 γαμβροῦ
535 934 676 1004 αύτοῦ
710 935 957 1024 Πετρίπίη,
993 934 1092 1001 ἐπεί
1124 931 1206 1002 ούτι
1240 933 1276 1000 ἔ-

59 1060 171 1145 ρύασι
201 1059 498 1146 παραδοῦναι
531 1063 582 1124 τὰ
619 1067 817 1126 τοιαῦτα
852 1057 1039 1134 ίκιίνος
1077 1069 1128 1146 τῇ
1159 1067 1276 1158 μονῆ

58 1177 398 1264 ίιςτιβτίλειτσῦ
424 1181 808 1267 βίουάποδούςγ.

115 1302 185 1385 ίὉ
211 1306 382 1380 δοῦλος
416 1315 494 1371 τοῦ
521 1315 753 1392 κραταιοῦ
781 1311 861 1372 καί
889 1304 1024 1385 άγίου
1051 1301 1172 1392 ἡμῶν
1207 1300 1276 1370 αύ·

57 1425 288 1494 θίντουκαί
320 1431 557 1514 βασιλίως
592 1431 824 1513 στβαστύς
859 1426 1091 1517 Μιχαῆλύ
1127 1429 1275 1496 Ἀπολ·

57 1556 173 1634 μενίγ.

112 1673 193 1755 ίἘν
220 1673 354 1763 ύνύμοιτι
376 1699 408 1742 κ.
431 1699 458 1742 τ.
482 1677 512 1742 λ.
536 1674 554 1742 δ
583 1675 707 1743 ἄνωθεν
725 1726 834 1744 .....
871 1677 1089 1764 σίκιισχείρως
1115 1677 1275 1762 προτάξας
1367 1733 1373 1742 .

57 1801 149 1882 τίθεμαι
168 1805 222 1866 καί
243 1811 326 1865 ποιιῦ
350 1797 503 1874 ἑκουσίως
525 1821 555 1866 κ.
573 1823 598 1866 τ.
623 1801 652 1864 λ.
678 1799 728 1866 ίπί
752 1813 790 1888 τῆ
812 1803 958 1888 παρούσῃ
975 1797 1137 1880 ύποθίσιι,
1161 1802 1275 1873 καθολς

28 1955 29 1996 ι
57 1921 247 2008 ύηλσθῆσεται.
282 1927 341 1988 καί
375 1927 435 2008 γάρ
474 1921 541 1988 ἐπεὶ
574 1921 592 1990 ύ
623 1927 839 2011 περιπόθητος
878 1945 938 2010 μου
976 1921 1095 1998 ἐκεῖνος
1133 1924 1274 2010 γαμβρὸς

57 2039 170 2129 ίεύργιος
194 2042 211 2110 ὁ
239 2045 414 2134 Πετρίτίης
444 2045 587 2134 ἔφθασαν
616 2047 766 2112 ἐκδοῦναι
790 2049 870 2132 π’ρύς
897 2047 953 2134 τῆν
977 2048 1152 2132 οτβασμίαν
1180 2043 1273 2125 ἁγίαν

57 2167 181 2254 βιτιλιιῆν
203 2169 303 2256 μονῆν
326 2179 386 2233 τῶν
407 2166 545 2256 Λίμβων
571 2173 733 2258 χωράφιον
757 2167 819 2236 ἀπὸ
842 2179 903 2236 τῦν
926 2180 1059 2250 γονικῦν
1083 2167 1180 2236 αύτοῦ
1203 2191 1272 2258 χω-

58 2295 138 2375 ριφίων
157 2302 213 2356 τῶν
236 2289 337 2358 ὄντων
361 2291 395 2356 ἐν
418 2293 460 2378 τῷ
480 2296 597 2379 κάμπιρ
620 2302 676 2358 τοῦ
696 2291 944 2380 Μτμανιωμὲνοο
965 2294 1100 2381 πλησίον
1122 2295 1180 2360 καί
1201 2293 1272 2360 σύν-

58 2431 118 2490 είίνς
138 2423 192 2480 τῶν
219 2419 391 2502 χωραφίων
418 2425 475 2503 τῆς
502 2419 652 2504 τοιαύτης
680 2417 849 2504 βασιλικῆς
872 2425 971 2503 μονῆς
999 2427 1060 2482 των
1093 2414 1126 2482 ίν
1153 2425 1193 2503 τῆ
1220 2438 1274 2482 το·

57 2537 154 2621 τνθεσίφ
184 2547 237 2604 τοῦ
272 2537 401 2624 Πύργου
434 2541 642 2626 διακειμένων
676 2543 732 2605 καί
766 2541 820 2606 διὰ
858 2539 983 2626 στηλιῦν
1019 2543 1273 2626 κεχωρισμένων,

58 2666 271 2744 γτμματιίύντων
300 2673 361 2728 τῶν
396 2659 497 2729 αύτιῦν
525 2667 696 2752 χωραφίων
723 2667 779 2729 καί
807 2660 1056 2750 ἀλλεπαλλῆλως
1086 2661 1273 2750 τίσερχομί-

57 2801 93 2843 νων
109 2805 135 2846 τε
154 2787 206 2849 καί
230 2784 448 2872 ίξερχομίναν
471 2787 511 2850 δι’
534 2785 671 2874 λυασμύν
694 2783 796 2852 αύτιῦν
819 2795 879 2852 τῦν
902 2789 1083 2874 χωραφίιον·
1106 2789 1142 2852 τύ
1165 2787 1271 2873 δηλω-

58 2903 92 2966 ίίν
112 2903 222 2982 ίξίδοτο
251 2912 414 2997 χωράφιον
443 2913 582 2997 ψυχικῆς
602 2907 701 2976 ύνεκα
724 2913 879 2996 σωτηρίας
903 2905 1013 2991 αύτυῦ,
1039 2909 1073 2984 ὃς
1098 2907 1270 2993 ἀνελάβετο

58 3021 95 3090 ἀτί
112 3039 155 3116 τῆς
168 3031 376 3119 δηλωθείσης
399 3034 567 3120 βασιλικῆς
584 3029 678 3112 ἁγίας
695 3042 792 3120 μονῆς
815 3037 908 3119 χάριν
925 3031 1125 3118 ἀντιχάριτος
1148 3030 1270 3098 ίκείνου

57 3143 94 3212 ίιί
114 3164 162 3216 τῶν
188 3165 338 3242 μοναχῦν
373 3151 469 3243 αὐτῆς
499 3153 656 3242 ύπίρπορα
684 3157 765 3221 δίκα
799 3155 843 3230 εἷς
878 3175 946 3222 τινα
981 3159 1189 3242 συγκρότησιν
1216 3163 1272 3242 τῆς

57 3287 235 3365 στρατιωτικῆς
260 3275 358 3344 αύτοῦ
375 3280 529 3352 δουλείας.
555 3279 573 3344 δ
596 3280 632 3344 δὲ
655 3275 714 3344 ούκ
739 3279 882 3368 ἔφθασεν
906 3279 952 3344 ἔτι
976 3283 1036 3353 ίτῦν
1058 3283 1115 3344 καί
1137 3279 1191 3344 διὰ
1215 3301 1270 3343 τσ-

56 3405 117 3481 ῦτῆς
134 3402 335 3487 παραδόσεως
357 3403 567 3490 διαμετρῆσαι
590 3407 646 3468 καί
668 3403 864 3489 παραδοῦναι
888 3399 964 3468 αύτύ
987 3405 1064 3488 πρύς
1086 3403 1139 3488 τῆν
1162 3403 1270 3488 μονὴν,

57 3513 101 3580 ἄλλ’
118 3517 179 3608 εύρε
201 3534 257 3611 τῆς
282 3523 314 3590 ἐν
338 3537 376 3612 τῆ
401 3525 526 3612 Σμύρνη
550 3527 754 3612 διακειμένης
777 3535 875 3612 μονῆς
899 3534 953 3591 τοῦ
977 3524 1009 3590 ἂν
1032 3522 1134 3604 ἁγίοις
1153 3527 1273 3610 πατρὸς

25 3647 26 3704 ι
56 3634 112 3720 βίον
130 3643 339 3734 ιἰρχιεράρχου
362 3651 418 3714 καί
444 3651 692 3735 θαυματουργοῦ
715 3647 880 3716 Νικολάου
905 3650 1068 3735 μοναχούς
1090 3649 1274 3720 κωλύοντας

56 3762 88 3844 τὴν
105 3769 198 3835 τούτου
218 3771 396 3858 παράδοσιν
420 3771 475 3836 διὰ
497 3775 532 3837 τύ
557 3773 644 3859 ἔχειν
667 3777 724 3838 καί
743 3774 860 3859 ταύτην
884 3773 998 3858 μερίδα
1013 3795 1046 3838 τε
1072 3777 1130 3838 καί
1152 3771 1272 3858 κληρο-

56 3891 129 3969 νομίαν
149 3891 182 3957 ἐκ
203 3895 376 3972 διατάξεως
398 3905 528 3982 γονικῆς
552 3893 675 3960 ἐκείνου
700 3893 926 3984 ἆδελφύτητος·
948 3894 1008 3962 καὶ
1031 3899 1092 3982 γὰρ
1116 3893 1272 3961 ἐκωλύετο

56 4001 187 4104 ἡτοιαύτη
213 4020 326 4106 τοπικῆ
354 4019 532 4104 παράδοσις
559 4023 698 4106 νομίμως
726 4021 779 4084 διὰ
807 4022 860 4084 τὸν
889 4023 1112 4106 γνησιίσιερον
1134 4018 1272 4103 πλησια-

57 4133 155 4224 ssim
186 4141 220 4204 δὲ
255 4139 469 4228 ἀπαραίτητος
496 4143 577 4228 τομὴ
606 4151 660 4206 τοῦ
688 4145 832 4208 θανάτου
867 4145 1025 4230 φθάσασα
1057 4143 1114 4204 καί
1149 4139 1199 4204 ἐπὶ
1227 4139 1269 4225 τῷ

57 4257 148 4344 ίνίίβίῷ
171 4285 227 4346 μου
254 4262 381 4350 ἐκείνῳ,
408 4267 521 4339 καθιθς
549 4268 605 4329 καί
633 4277 672 4352 τῆ
703 4263 889 4351 ἀνθρωπεία
912 4267 1004 4353 φύσει
1027 4261 1194 4339 ἐπίκειται,
1219 4262 1276 4329 καί

58 4367 121 4464 ἕίτῆ
142 4385 298 4472 τελευταία
326 4386 467 4475 ἀναπνοῆ
495 4385 639 4475 ἠθέλησε
663 4392 702 4452 τὰ
733 4393 843 4454 πάντα
868 4383 963 4451 αὐτοῦ
986 4387 1093 4457 καλῶς
1116 4387 1276 4450 διαθεῖναι

56 4503 90 4562 ντί
105 4503 308 4584 διοτάξασθαι.
336 4513 414 4594 μετὰ
437 4521 511 4592 γοῦν
536 4523 595 4576 τῶν
618 4513 735 4578 λοιπῶν
766 4519 826 4596 τῆς
850 4513 1011 4596 διαθήκης
1035 4505 1130 4574 αύτοῦ
1156 4529 1277 4593 παραγ-

59 4623 175 4707 ίῑλμτίιων
202 4623 357 4721 ἐπαφῆκε
371 4637 446 4720 πρύς
470 4633 569 4723 ἡμᾶς,
598 4633 650 4700 ἵνα
674 4637 729 4700 καί
752 4631 849 4707 αύτύς
872 4637 1098 4720 παραγίνομαι
1120 4635 1177 4700 καί
1202 4631 1270 4696 ίπο-

1023 4745 1053 4796 11
