3168 5274
262 245 326 311 322

264 433 360 525 αότρῖ]
385 433 463 522 ὑπέρ
487 441 692 525 ρωταναήίας
717 446 772 523 ιής
797 433 892 516 άγίας
914 433 1004 524 ἡμῶν
1028 433 1204 523 ἐκκλησίας
1227 438 1284 500 καί
1307 434 1353 509 εἰς
1375 431 1521 524 ἡμετέραν

153 583 156 590 ·
263 556 433 647 διοίκησιν.
463 557 707 647 ὑπερευχόμεθα
735 570 791 626 τοῦ
819 557 934 626 ἐνόέοο
957 563 1095 646 κράτοος
1121 567 1178 647 πής
1202 557 1367 644 βασιλείας
1395 581 1464 638 σοο,
1486 556 1522 646 ής

265 683 309 758 ως
332 685 441 750 δοῦλοι
466 682 588 760 ἀνάξιοι
611 685 828 771 τολμήσαντες
850 681 1033 790 ἐδεήθημεν
1056 687 1088 764 †.

355 965 392 1033 11.
418 967 674 1046 Ἀπολογία
702 967 812 1052 πρός
836 975 977 1032 ταῦτα
1002 973 1080 1031 τοῦ
1105 965 1338 1049 βασιλέως
1360 961 1380 1052 ή
1404 963 1524 1044 λεγο·

271 1095 381 1178 μένη
416 1092 558 1164 λύσις

354 1237 375 1314 †
399 1231 505 1319 Εἴπερ,
530 1229 573 1305 ὡς
597 1223 798 1320 ὑπεμνήσόιτό
822 1227 839 1298 ό
862 1235 1079 1320 περιπόθητος
1096 1229 1267 1319 ἐξάδελφος
1290 1241 1346 1318 τής
1370 1231 1527 1316 βασιλείας

270 1377 345 1444 μοο,
373 1365 431 1442 κύρ
454 1350 588 1444 Μιχαὴλ
615 1351 633 1420 ό
656 1357 792 1437 Δοόκας,
817 1351 955 1443 όπηνίκα
982 1357 1096 1421 διέπων
1126 1353 1165 1444 ήν
1189 1357 1244 1443 τήν
1269 1353 1371 1443 ἀρχήν
1396 1365 1450 1420 τοῦ
1472 1357 1526 1420 δέ·

273 1501 372 1567 ματος
394 1477 572 1566 Μολάσσης
594 1484 651 1544 καί
673 1473 907 1558 Μελανοοδίοο,
932 1473 994 1544 ἀπό
1018 1489 1075 1566 τῆς
1096 1477 1294 1567 περιλήψεως
1316 1489 1376 1545 τίον
1399 1481 1527 1564 προσόν-

269 1622 329 1669 των
354 1615 393 1692 τη
416 1605 495 1668 καθ’
520 1599 602 1690 ὑμᾶς
626 1614 707 1692 μονή
732 1597 961 1691 ἀναντιρρήτων
985 1597 1208 1690 δικαιωμάτων
1231 1603 1345 1683 διέγνω
1372 1603 1527 1687 διαφέρειν

268 1724 370 1813 ταύτη
400 1727 435 1792 τὺ
459 1723 492 1791 ἐν
516 1738 554 1814 τη
578 1723 751 1814 ὑπομνήσει
774 1723 860 1813 ὑμῶν
883 1727 1079 1813 δηλούμενον
1104 1730 1308 1812 προάστειον,
1338 1729 1373 1791 τό
1398 1723 1527 1790 ἐκδοθὲν

268 1851 354 1937 παρὰ
370 1861 424 1918 τού
447 1854 560 1937 μέροος
576 1857 632 1936 τῆς
654 1844 733 1915 καθ’
758 1847 840 1936 ὑμᾶς
864 1859 962 1936 μονῆς
978 1849 1023 1935 tq?
1045 1855 1262 1937 πριμμικηρίιρ
1279 1849 1391 1936 ἐκείνῳ
1407 1847 1527 1934 Ἰωάννη

268 1977 312 2061 τῷ
334 1971 548 2062 Καραντηντρ,
577 1977 633 2038 καί
662 1970 921 2060 ἀποκατέστησεν
949 1967 1032 2061 ὑμᾶς
1055 1971 1102 2039 ἐπ’
1126 1969 1219 2052 αὑτό,
1244 1971 1382 2040 οἱκατὰ
1405 1974 1528 2059 καιροὺς

270 2095 427 2170 δοοκάδες
454 2105 509 2162 τοῦ
538 2099 682 2183 θέρατος
708 2095 886 2184 Μολάσσης
912 2101 969 2162 καί
1001 2093 1222 2166 Μελανοοδίοο
1249 2109 1288 2186 τῇ
1321 2100 1400 2184 πρός
1423 2094 1531 2168 αὑτούς

270 2220 425 2310 ἐμφανείιρ
459 2228 515 2307 τῆς
538 2219 700 2307 παρούσης
724 2221 845 2293 λύσεως
874 2229 930 2308 τῆς
954 2221 1120 2306 βασιλείας
1142 2244 1205 2310 μοο
1226 2219 1279 2287 ἵνα
1308 2219 1531 2308 ἀναχαιτίζωσι

269 2347 304 2410 τό
341 2347 435 2430 μέρος
468 2352 523 2408 τοῦ
558 2345 699 2408 τοιοὺτοο
731 2339 940 2432 Καραντηνού
969 2345 1011 2432 μή
1038 2343 1247 2432 παρενοχλεῖν
1279 2341 1348 2431 ὑμῖν
1382 2347 1467 2410 κατά
1503 2366 1528 2406 τι

270 2471 365 2554 χάριν
392 2475 447 2533 τοῦ
482 2471 625 2534 τοιούτοο
647 2474 851 2555 προαστείου,
887 2480 1059 2556 σονεργῶσι
1082 2469 1117 2534 δέ
1154 2465 1223 2556 ὑμῖν
1253 2467 1299 2543 εἰς
1326 2471 1361 2534 τὺ
1385 2473 1527 2556 κατέχειν

270 2598 361 2656 τοῦτο
391 2588 558 2665 ἀκωλύτως
586 2596 642 2658 καί
665 2587 901 2682 ἀνενοχλήτως,
927 2591 1050 2680 ἐπέλδη
1079 2589 1155 2658 δέό
1190 2601 1243 2658 νύν
1267 2591 1402 2680 ἐνεργῶν
1436 2591 1468 2658 ἐν
1491 2591 1528 2678 τῷ

272 2708 403 2800 όηδέντι
425 2716 544 2801 θέματι
560 2719 615 2779 καί
638 2719 676 2780 τὰ
699 2720 858 2801 προσόντα
881 2729 920 2804 τη
943 2713 1022 2782 καθ’
1039 2713 1121 2804 ὑμᾶς
1143 2727 1226 2804 μονή
1250 2715 1463 2803 δικαιώματα,
1478 2721 1529 2782 καί

273 2836 301 2902 τί
324 2834 450 2926 εὑρήσει
472 2842 541 2903 τινὰ
564 2849 624 2904 τῶν
649 2839 681 2904 ἐν
706 2841 827 2914 τούτοις
850 2837 1121 2928 ἐμπεριεχομένων
1145 2846 1259 2906 τοπίων
1284 2842 1529 2927 καθαρπαγέντα

271 2965 359 3048 παρά
383 2983 472 3028 τινων
496 2961 685 3046 ἀνεσλόγως,
708 2969 765 3029 καί
785 2965 859 3052 παρ’
884 2962 981 3031 αὑτοῦ
1004 2967 1040 3030 δὲ
1064 2974 1119 3032 τοῦ
1143 2963 1257 3054 μέρεος
1280 2975 1336 3054 τής
1360 2965 1530 3051 ἐπισκοπῆς

273 3079 453 3172 Ἀμάίονος
477 3090 512 3152 τό
536 3085 569 3151 ἐν
592 3099 631 3176 τη
655 3083 829 3177 ὑπομνήσει
852 3085 937 3176 ὑμῶν
961 3090 1156 3177 δηλούμενον
1179 3093 1381 3178 προάστειον,
1409 3087 1529 3155 ἀποκα-

274 3213 426 3296 ταστήσει
450 3217 551 3276 ταῦτα
574 3207 643 3297 ὑμίν
669 3215 748 3297 μετὰ
770 3222 831 3277 τῶν
854 3209 886 3277 ἐν
911 3217 997 3300 μέσῳ
1020 3221 1159 3298 καρπόν,
1187 3211 1248 3278 κάν
1275 3235 1356 3286 τινες
1377 3211 1455 3286 ἴσως
1479 3211 1530 3300 έρ-

273 3335 381 3398 δασαν
409 3337 685 3421 καταγράψασθαι
713 3343 813 3400 ταῦτα
841 3347 905 3409 τοῖς
933 3340 1055 3423 στίχοις
1082 3329 1184 3402 αὑτων
1208 3333 1241 3403 ἐν
1268 3333 1369 3423 καιρῷ
1394 3333 1528 3421 ἀναγρα-

274 3465 344 3546 ιρής·
381 3455 464 3543 εἴπερ
486 3457 536 3536 δέ,
572 3453 616 3533 ὑς
640 3457 850 3546 άνηνέγκατε,
886 3453 960 3524 οὑδὲ
985 3455 1061 3545 ὑπὲρ
1095 3469 1156 3524 των
1178 3465 1358 3546 προσόντων
1382 3471 1422 3548 τῇ
1456 3471 1530 3547 μονή

276 3577 360 3666 ζῴων
390 3565 549 3668 ἀπητεῖτο
573 3579 715 3669 ἐννόμιον
742 3585 829 3669 παρὰ
856 3593 916 3648 τῶν
950 3588 1246 3671 προενεργησάντων
1276 3581 1308 3648 ἐν
1336 3581 1379 3672 τῷ
1407 3577 1530 3672 ῥηθέντι

275 3705 402 3790 θέματι,
427 3701 499 3768 οὑτε
523 3703 619 3771 εἰσέτι
643 3705 901 3800 ἀπαιτηθήσεται
922 3711 1010 3794 παρὰ
1033 3718 1092 3773 των
1117 3705 1323 3794 ἐνεργούντων
1347 3712 1375 3790 †.

363 3862 517 3950 ’γΕίχε
540 3862 591 3930 δι’
614 3861 886 3954 ὑπογραφὴν
907 3870 966 3932 τό·
990 3872 1098 3954 μηνί
1122 3865 1363 3954 αὑγούστιρ
1386 3868 1461 3935 ἐνδ.
1485 3867 1529 3948 ιγ’

276 3987 328 4052 δι’
356 3985 562 4074 ἐροόρων
591 3994 870 4076 γραμμάτων
900 4001 978 4078 τής
1006 3993 1263 4082 βασιλικῆς
1290 3999 1369 4058 καί
1400 3997 1530 4064 θείας

278 4116 437 4198 χειρός
472 4115 501 4192 †.
