3168 5274
252 243 318 310 328
459 237 466 252 ’

253 439 359 500 παισίν
389 431 485 501 αότοῦ
509 435 704 523 νιατέλειβεν.
731 433 801 500 ἀλλ’
827 431 843 500 ό
867 439 978 522 πρίνων
1003 436 1114 500 όίειαια
1137 436 1215 508 θεὸς
1240 429 1298 498 οότι
1323 433 1366 508 είς
1391 436 1519 520 μακρὰν

253 561 288 624 τό
304 558 395 632 τέλος
419 555 516 625 αότοῦ
532 561 671 646 χρηστόν
688 559 843 640 γενέσθαι
862 553 1055 646 ηόόόνιησεν,
1078 556 1163 624 ἀλλὰ
1185 557 1279 644 ίργον
1294 560 1392 646 φόνου
1406 565 1519 624 τοῦτον

253 683 406 763 γενέσθαι
432 685 673 770 παρεχώρησεν.
709 679 780 748 ἀλλ’
808 679 826 747 ό
854 684 1070 770 περιπόθητος
1100 683 1191 757 θεῖος
1213 689 1270 770 τῆς
1298 677 1392 762 ἁγίας
1426 681 1519 766 βασι-

253 807 341 880 λείας
368 825 436 884 σοι,
459 803 476 870 ό
499 805 668 894 Κομνηνός
691 813 750 894 πῦρ
772 804 907 894 Μιχαὴλ
930 802 947 872 ό
974 807 1115 886 Δοόειας,
1143 805 1199 893 τὴν
1226 806 1378 892 όοοεινιην
1413 802 1519 892 ἀρχὴν

251 935 306 994 τοῦ
334 931 479 1014 όέματος
512 927 692 1017 Μολάσσης
716 933 773 996 καί
799 927 1020 997 Μελανοοόίοο
1043 929 1094 996 έπί
1117 938 1173 1018 τῆς
1199 933 1325 1018 πρώτης
1347 928 1520 1014 βασιλείας

250 1061 306 1118 τοῦ
329 1053 527 1140 θεοστεροῦς
551 1049 645 1134 ἁγίου
669 1053 826 1138 βασιλέως
850 1056 907 1119 καί
928 1054 1048 1141 πατρὸς
1070 1062 1127 1140 τῆς
1151 1051 1246 1135 ἁγίας
1270 1053 1436 1138 βασιλείας
1459 1073 1523 1118 σοο

250 1175 472 1262 όιεσοισμόνος,
503 1178 644 1263 τηρήσας
672 1180 711 1242 τὰ
734 1179 893 1264 προσόντα
920 1187 959 1264 τη
982 1178 1062 1242 παῦ’
1084 1173 1171 1265 ἡμας
1193 1187 1276 1264 μονῇ
1300 1177 1522 1264 όιτιαιείμιετα,

248 1299 416 1385 παρέδωκε
444 1307 535 1364 τοῦτο
562 1301 640 1385 πρός
664 1301 719 1388 τὴν
744 1300 842 1388 μονὴν
864 1301 905 1366 δι’
928 1297 1090 1388 έγγράροο
1118 1299 1274 1381 σιγιλλίοο
1298 1296 1395 1366 αὐτοῦ
1419 1304 1522 1366 πατέ-

249 1423 371 1510 χεσβατ
396 1426 469 1508 παρ’
493 1417 606 1511 αὐτῆς,
639 1425 754 1498 ααὰἁς
780 1427 838 1490 καί
864 1427 899 1490 τό
926 1427 1087 1511 πρότερον.
1116 1427 1197 1512 μετά
1219 1424 1256 1489 δέ
1283 1431 1383 1490 ταῦτα
1405 1421 1423 1489 ό
1446 1419 1522 1496 όιός

248 1553 303 1614 τοῦ
325 1545 533 1633 Καραντηνοῦ
560 1543 683 1612 έτιείνοο
705 1545 866 1626 Ἰωάννου,
892 1546 984 1616 Λέων
1007 1544 1024 1614 ό
1050 1547 1271 1635 Καραντηνός,
1299 1547 1520 1622 διπλασιάσας

247 1669 291 1758 τῷ
315 1668 529 1757 πλεονεκτινιῷ
554 1673 611 1737 τισί
638 1668 825 1759 ἁρπακτιαηῑ
846 1679 901 1736 τοῦ
923 1674 1042 1758 πατρός
1065 1666 1173 1748 αότοῦ,
1193 1674 1335 1758 κατέσχε
1358 1670 1453 1736 πάλιν
1477 1673 1519 1734 τό

246 1803 389 1860 τοιοῦτον
415 1796 605 1880 προάστειον
633 1792 678 1868 εὶς
705 1791 827 1860 έαοτόν.
861 1792 933 1860 ἀλλ’
961 1792 978 1862 ό
1006 1796 1085 1870 θεός
1112 1790 1180 1860 οὐδ’
1208 1790 1304 1860 αὐτόν
1328 1792 1432 1883 άμῆιιε
1456 1803 1519 1858 τοῦ

246 1921 314 2005 ίην,
338 1915 409 1984 ἁλλ’
433 1915 466 1994 έξ
488 1914 664 2004 ἀνθρώπων
687 1913 831 2006 ἠφάνισε.
855 1919 1024 2006 νιατέλειβε
1040 1919 1077 1984 ut
1097 1925 1190 1984 τοῦτο
1214 1915 1232 1984 ό
1255 1925 1397 1992 τοιοῦτος
1418 1915 1518 1984 Λέων

246 2040 450 2130 ένόιαόίριας
477 2043 555 2126 πρός
578 2037 688 2128 έτέραν
715 2044 824 2129 μονήν.
846 2041 1098 2129 παρακαλοῦμεν
1126 2037 1181 2108 οόν
1204 2043 1240 2108 τό
1256 2039 1371 2108 ἔνθεον
1393 2043 1517 2127 κράτος

246 2174 301 2252 τῆς
329 2161 424 2247 ἁγίας
452 2165 618 2250 βασιλείας
653 2187 711 2231 σοο
739 2163 959 2254 ίπορεχθῆναι
986 2162 1059 2253 ἡμίν
1093 2167 1184 2232 θεῖον
1211 2167 1269 2232 τιαί
1294 2165 1517 2252 προσπονητόν

245 2287 389 2376 ὁρισμόν,
425 2286 634 2374 έπιτιοροῦντα
668 2289 723 2377 την
752 2301 915 2370 γεγονοῑαν
938 2297 994 2356 τοῦ
1022 2287 1193 2388 Ιᾷομνηνοῦ
1219 2267 1306 2376 πρός
1321 2289 1376 2372 τήν
1412 2289 1517 2375 μονὴν

243 2411 430 2499 παράδοσιν,
465 2409 686 2498 ἀποσοβοῦντα
721 2435 755 2478 τε
783 2417 840 2478 νιαί
866 2422 971 2480 πάσαν
1005 2414 1113 2501 πρᾶξιν
1137 2408 1185 2478 έπ’
1214 2408 1311 2478 αὐτοῦ
1338 2415 1425 2500 παρὰ
1455 2421 1519 2478 τοῦ

179 2542 187 2562 ’
243 2535 455 2624 Καραντηνοῦ
483 2540 670 2624 γενομένην,
706 2535 807 2624 ἢααί
828 2537 997 2624 πρόσταξιν
1020 2535 1131 2624 ἁτέραν
1158 2533 1388 2624 ἐπενεχθεῖσαν
1414 2537 1518 2620 βασι-

244 2659 337 2747 λιπὴν
371 2656 540 2747 ἁπρανιτονζ
565 2659 723 2747 διαμένειν
752 2663 808 2725 τιαὶ
836 2655 940 2748 ῥητῶς
973 2661 1209 2748 ότοριίομένην,
1242 2653 1449 2748 κατέχεσθαι
1476 2662 1519 2724 τά

243 2791 385 2850 τοιοῦτον
418 2786 607 2870 προάστειον
640 2785 677 2849 τό
710 2781 937 2871 Μεσιγγοόμην
970 2785 1057 2870 παρὰ
1091 2791 1147 2870 τῆς
1172 2780 1331 2873 ἡμετέρας
1358 2783 1518 2870 όοολιτιῆς

242 2917 301 2997 τῆς
329 2904 423 2990 ἁγίας
451 2904 616 2992 βασιλείας
639 2927 698 2972 σοο
725 2915 780 2972 τοῦ
807 2905 954 2994 Λάτροος
980 2916 1090 2997 μονῆς,
1118 2910 1173 2974 νιαί
1199 2908 1311 2976 τοότοο
1338 2911 1518 2994 γενομένου

242 3025 279 3098 οῦ
302 3031 498 3119 παοσόμεόα
520 3025 757 3120 όπερτόχεσόαι
779 3039 838 3120 της
860 3027 956 3112 ἁγίας
979 3033 1147 3117 βασιλείας
1170 3052 1243 3112 σοο,
1270 3027 1311 3118 ἧς
1334 3027 1377 3105 ὣς
1399 3030 1520 3098 ῦοῦλσι

243 3155 461 3244 τολμήσαντες
484 3153 670 3242 ίόεηθημεν
693 3158 721 3237 †.

243 3293 247 3300 ·
329 3275 518 3366 γΕἶχεν
541 3275 588 3343 έν
616 3280 664 3344 τό
690 3279 1041 3366 προγράμματι·
1069 3278 1235 3366 όίησις
1267 3271 1520 3364 Εόόαμίοο

242 3408 469 3502 4μοναγροοό,
503 3401 875 3488 ααόηγοομένοο
910 3409 989 3489 τῆς
1024 3399 1070 3468 έν
1103 3402 1159 3490 τῷ
1191 3398 1294 3488 όρει
1321 3409 1399 3467 τοῦ
1424 3397 1519 3468 Λά-

244 3545 380 3610 τροος
413 3525 680 3612 σεβασμίας
714 3535 856 3613 μονῆς
894 3533 972 3591 τοῦ
1006 3523 1161 3607 Ἃγίοο
1194 3524 1393 3609 Παόλοο,
1431 3529 1519 3590 τιαί

243 3652 423 3714 πάντων
459 3657 543 3714 τῶν
581 3658 818 3736 μοναχῶν,
861 3649 1038 3716 όοόλων
1075 3653 1155 3716 καί
1191 3645 1395 3737 εόχετῦν
1431 3657 1519 3738 της
1577 3637 1578 3640 “

245 3769 782 3857 ἁγίαςβασιλείαςοοο.“

332 3980 370 4049 11.
394 3981 649 4063 Ἀπολογία
675 3992 753 4049 τοῦ
781 3983 1015 4069 βασιλέως
1047 3981 1068 4073 ἡ
1096 3986 1331 4073 λεγομένη
1365 3986 1516 4059 λόσις.

306 4140 489 4226 -[Ἠεε]όιν,
518 4139 561 4216 ὣς
590 4137 805 4231 όπεμνησατε,
833 4144 986 4234 όιαρίρον
1008 4139 1048 4233 ἠν
1074 4155 1115 4233 τῇ
1147 4146 1228 4212 παῦ’
1255 4139 1338 4232 ἁμάς
1365 4153 1447 4231 μονῇ
1475 4146 1517 4210 τό

247 4263 334 4339 έντός
357 4265 553 4353 δηλούμενον
575 4269 766 4352 προάστειον
788 4263 846 4332 καί
860 4272 934 4356 παρ’
958 4265 1057 4356 αὐτῆς
1079 4271 1230 4356 πρότερον
1254 4267 1300 4354 τῷ
1313 4267 1520 4354 Καραντηνηῖ

247 4387 358 4474 έκείνιρ
387 4387 539 4476 ἐξεδόθη,
567 4389 617 4455 διό
640 4387 698 4455 παὶ
720 4387 763 4464 ὡς
786 4385 868 4456 οότιε
890 4401 930 4480 τῇ
954 4403 1036 4480 μονη
1058 4395 1285 4481 προσσρμόσαν
1309 4389 1519 4478 ἀπεκατέστη

245 4508 328 4598 ἀὐτῇ
361 4513 448 4598 παρὰ
482 4520 537 4578 τοῦ
565 4514 782 4600 περιποθήτοο
816 4514 908 4580 θείοο
937 4523 993 4601 της
1027 4515 1194 4599 βασιλείας
1220 4536 1281 4603 μοο
1315 4521 1370 4580 τοῦ
1393 4511 1517 4596 Δοόιια,

248 4630 322 4698 οόόέ
350 4645 389 4722 τῇ
418 4635 566 4718 βασιλεία
594 4657 655 4720 μοο
683 4633 814 4714 εὔλογον
843 4635 932 4715 έόοξε
956 4639 991 4702 τό
1015 4641 1071 4704 καί
1094 4637 1190 4721 εἰσέτι
1218 4640 1329 4706 τοότοο
1356 4639 1392 4701 τό
1418 4640 1518 4723 μέρος
