3238 5282
259 255 323 316 424

261 466 336 530 ματι
370 451 425 508 τοῦ
456 443 645 509 Βιλεστὶνοο
680 442 889 527 διακειμένων
925 441 1115 526 μυλοτῦτιον
1141 441 1190 518 ἓν,
1225 437 1291 504 οἷον
1320 436 1446 525 ἀρεσθη
1474 441 1532 502 καὶ
1610 465 1611 470 ’

260 565 423 642 ἐκλέξτται
458 564 475 631 δ
503 567 696 653 διαληφθεὶς
729 569 1020 645 παντυητνὲστατος
1053 563 1223 650 Κομνηνδς
1250 573 1310 650 κῦρ
1343 562 1485 650 Ἰωάσαρ
1512 559 1531 625 δ

258 690 478 776 Μαλιασηνδς,
506 685 523 752 ὁ
551 691 675 775 κτητωρ
699 700 766 776 της,
794 687 837 762 ὡς
869 689 1001 776 εἴρηται,
1028 689 1207 772 συβασμίας
1235 691 1292 752 καὶ
1320 685 1406 772 ἱερᾶς
1429 694 1531 772 μονῆς

258 822 313 879 τοῦ
337 811 441 900 τιμίου
458 811 660 898 Προδρῦμου,
684 809 727 884 ιδς
751 809 789 876 ἂν
812 812 853 875 δι’
877 810 1003 876 οἰκείων
1027 815 1143 890 κόπων,
1169 810 1284 886 ἐξόδων
1308 835 1342 875 τε
1365 815 1422 876 καί
1446 807 1530 875 ἀνα-

258 939 412 1023 λωμάτων
436 932 533 1000 αὐτοῦ
559 933 596 1000 ἐκ
621 937 751 1020 βάθρων
773 930 874 998 αδτιῦν
899 931 1049 1020 ἀνεγείρη
1074 935 1205 1020 μολιιιῦν
1231 932 1449 1020 ἐργαστήριον,
1472 937 1531 998 καί

258 1063 393 1136 καθέξει
409 1068 501 1125 τοῦτο
525 1055 561 1146 ἡ,
585 1056 628 1132 ὡς
645 1058 779 1144 εἴρηται,
800 1060 929 1144 τοιαύτη
955 1061 1034 1144 μονη
1059 1067 1114 1123 τοῦ
1138 1057 1327 1144 Προδρῦμοο
1351 1056 1530 1144 ἀναραιρέ-

259 1207 320 1258 τως
347 1189 404 1250 καὶ
432 1183 685 1254 ἀναποσπάστως
712 1179 755 1254 ὡς
785 1181 900 1247 οἰκεῖον
936 1177 1035 1267 αῦτης
1063 1191 1172 1270 κτῆμα
1203 1179 1315 1254 ἀτελές
1342 1183 1445 1266 πάντη
1472 1184 1533 1244 καί

262 1307 434 1396 ἐλεύθερον
457 1313 514 1372 καί
538 1305 806 1372 ἀκαταδοῦλωτον
835 1303 976 1370 ἀπὸτοῦ
1001 1315 1053 1370 νῦν
1085 1311 1141 1370 καὶ
1166 1305 1211 1378 εἰς
1234 1307 1269 1370 τῦ
1293 1302 1364 1391 ἐέῆς
1388 1308 1444 1369 καὶ
1472 1307 1534 1390 μέ-
1610 1369 1611 1372 ,

258 1455 333 1520 χρις
358 1429 396 1496 ἂν
419 1434 455 1496 ιδ
477 1441 540 1496 πᾶν
564 1428 581 1496 δ
604 1426 694 1516 ἥλιος
723 1427 834 1518 ἐφορᾷ·
862 1433 897 1494 τὸ
926 1433 987 1516 γὰρ
1012 1428 1095 1504 ἅπαξ
1123 1427 1304 1518 ἀφιερωθδν
1332 1427 1376 1514 τῷ
1398 1426 1466 1512 θεῷ
1494 1423 1533 1492 οῦ

258 1557 442 1620 δουλοῦται.
479 1551 554 1640 ὑπὲρ
590 1539 792 1641 μνημόσυνου
826 1565 886 1618 τῦν
922 1551 1075 1639 ἀοιδίμων
1110 1551 1238 1618 ἐκείνων
1278 1553 1434 1636 βασιλέων
1470 1561 1535 1616 τῶν

261 1677 444 1768 ἀριερωτῦιν
472 1689 531 1744 τῦν
560 1679 771 1765 δηλωθέντων
799 1677 995 1763 μολοτοπῦων
1023 1682 1080 1742 καὶ
1109 1674 1187 1756 ἐμοῦ
1215 1685 1272 1740 τοῦ
1300 1684 1448 1742 ταπεινοῦ
1476 1679 1537 1740 καί

260 1801 409 1876 εδτελοῦς
434 1801 608 1888 ἀρχιερέως
631 1799 765 1886 Μιχαὴλ
788 1809 843 1866 τοῦ
866 1799 1123 1886 Δημητρι[άδος]
1189 1845 1536 1866 .......

567 1958 702 2046 Reliqua
718 1957 841 2036 desunt,
858 1956 933 2024 folio
950 1979 967 2024 ο
983 1955 1093 2024 codice
1109 1957 1228 2024 evulso.

513 2258 592 2325 XLI.
610 2259 686 2326 Sine
702 2279 794 2340 anno,
811 2278 918 2325 mense
935 2257 1102 2337 decembri,
1120 2255 1186 2322 ind.
1206 2256 1285 2322 VIII.

270 2427 394 2482 Μῦαλαῦὶ
419 2425 599 2488 Pauorem,
628 2426 775 2496 ιρίεαοριιε
795 2423 1002 2486 Demetriadis,
1030 2425 1200 2478 monasterio
1227 2422 1326 2478 Νουαα
1352 2421 1461 2477 Petrae
1487 2422 1544 2477 ἀαι

662 2567 806 2621 ecclesiam
821 2565 850 2623 S.
868 2565 985 2620 Mariae
1000 2565 1136 2622 Οντιιταε.

268 2737 565 2823 Εκδοτηριον
599 2743 675 2800 τοῦ
711 2731 852 2800 αὐτοῦ
888 2733 960 2800 ἐπὶ
988 2733 1042 2820 τῷ
1068 2733 1155 2821 ναῷ
1183 2743 1260 2822 τῆς
1290 2737 1533 2802 θεοτδκου

263 2878 317 2962 τῴ
344 2887 420 2942 τοῦ
446 2877 696 2963 Κουκουρᾱ
724 2879 836 2962 πρὸς
871 2876 948 2961 την
977 2878 1120 2963 μονὴν
1148 2887 1226 2942 τοῦ
1254 2876 1535 2964 Προδρόμοο

670 3017 901 3118 τηςῦΝὲας
935 3017 1125 3104 Πέτρας.

778 3211 902 3277 Initium
919 3211 1018 3278 deest.

266 3543 321 3598 τοῦ
346 3529 378 3596 ἐν
403 3536 611 3617 μονοτρῦτοις
634 3533 895 3616 σεβαομιωτάτου
919 3536 976 3596 καὶ
998 3535 1290 3610 πανευγτνεστάτου
1314 3535 1401 3618 ψυχῇ
1419 3554 1454 3596 τε
1477 3536 1539 3596 καὶ

265 3661 398 3742 σώματι,
426 3664 481 3720 τοῦ
504 3658 720 3742 περιποθήτου
750 3652 881 3740 ἀνεψιοῦ
904 3664 964 3720 ποῦ
990 3665 1145 3741 κραταιοῦ
1168 3659 1225 3720 καὶ
1248 3653 1339 3734 ἀγίου
1362 3653 1453 3743 ἡμῶν
1478 3651 1540 3721 αῦ-

265 3783 381 3846 θὲντοο
404 3783 460 3844 καὶ
485 3779 655 3864 βασιλέως,
679 3787 776 3864 κυροῦ
800 3777 939 3866 Ἰωοὶσαρ
959 3777 1129 3865 Κομνηνοῦ
1157 3789 1213 3844 τοῦ
1236 3778 1456 3865 Μαλιασηνοῦ,
1483 3783 1538 3846 τῦν

267 3899 434 3990 εάιιτήριον
462 3905 536 3966 ναὸν
561 3910 616 3988 τῆς
640 3898 813 3986 ῦπεραγίας
835 3904 995 3968 θεοτὸκου
1023 3904 1075 3966 τάν
1104 3910 1158 3968 τοῦ
1186 3901 1359 3988 Κουκουρᾱ
1387 3901 1538 3982 ἐπιλεγό-

267 4046 359 4113 μενον
389 4025 579 4092 ἀποσκοπῶν
609 4025 654 4098 εἱς
678 4027 821 4111 χρηστὰς
845 4023 989 4102 ἐλπίδας,
1019 4023 1061 4098 ὡς
1084 4030 1141 4090 καὶ
1164 4029 1216 4090 τάν
1240 4028 1315 4090 ναδν
1344 4025 1536 4092 ἐκδοολεῦτ-

267 4153 348 4216 σθαι
373 4149 444 4237 παρ’
472 4147 569 4216 σι’)τοῦ
596 4153 653 4214 καί
679 4153 718 4213 τὰ
746 4149 860 4214 κελλὶα
887 4153 926 4213 τὰ
951 4153 1110 4234 προσόντα
1141 4149 1240 4234 τούτῳ
1268 4146 1537 4224 ἀνακαινίζεσθαι

266 4279 323 4339 καὶ
365 4271 596 4348 ἀνακτίῦεσθαι
643 4275 700 4336 καὶ
742 4269 982 4356 ἀποκερδαίνειν
1030 4282 1213 4356 μονομερῦς
1256 4277 1312 4338 καὶ
1355 4271 1535 4358 ἀλογαριά-

267 4421 347 4472 οτως
372 4407 481 4464 τοῦτον
499 4398 553 4483 τὴν
576 4406 684 4462 πᾶσαν
709 4399 765 4459 καὶ
787 4399 937 4460 παντοίαν
963 4395 1088 4462 εἴσοδον
1112 4405 1172 4460 τῶν
1197 4395 1300 4462 ἐκτῐοε
1321 4394 1533 4486 ὀπωρορῦρινν

265 4523 401 4608 δῦνδρων
429 4527 486 4588 καὶ
513 4531 567 4586 τοῦ
592 4518 797 4605 ἀμπελιτζῦου
825 4524 961 4606 καὶτῆς
985 4524 1188 4607 χωραριαῑας
1212 4529 1281 4606 γῆς.
1310 4519 1377 4586 ἐπεὶ
1401 4521 1437 4586 δέ
1460 4519 1532 4586 οὔτε

267 4647 320 4710 διὰ
348 4649 446 4733 φόβον
475 4650 570 4724 θεοῦ,
600 4641 673 4708 οὔτε
700 4641 742 4706 δι’
770 4640 926 4730 ἡμετέραν
954 4647 1140 4728 κατάκρισιν
1169 4643 1332 4718 δτιλιάσας
1368 4643 1487 4730 ’δέσθη
1510 4667 1529 4730 η
