3190 5284
298 293 359 356 124

297 487 442 562 τοίας,
478 481 715 557 Νικόλαος
754 480 1195 568 ὁΦιλοκυνηγίτης,
1232 483 1282 544 τά
1317 490 1393 546 του
1428 477 1571 569 δφους

295 609 565 695 δηλούμενα
615 611 707 685 καί,
760 603 897 680 αότός
943 615 1185 692 μαρτυρῶν
1241 608 1420 690 γράψας
1472 601 1570 670 ἀπέ-

298 736 451 818 ινανα
480 735 509 811 ί-

508 1005 515 1016 ·
549 977 640 1045 LVII.
659 977 888 1058 6771-1263‚
907 995 1012 1042 mense
1027 973 1179 1053 ianuario,
1196 974 1262 1040 ind.
1281 975 1316 1042 V.

519 1127 645 1182 Ιοαιιιιτε
663 1125 750 1180 Moles
765 1128 937 1179 οιοιιασίοτίο
953 1124 1048 1179 vendit
1063 1141 1194 1194 campum
1210 1133 1236 1178 τί
1251 1123 1352 1178 olivas.

388 1294 499 1376 †T6
534 1297 793 1380 πρατήριον
829 1303 905 1358 τοῦ
939 1291 1063 1380 Μέλη
1099 1291 1310 1358 Ἰωάννου
1345 1295 1450 1378 περὶ
1490 1302 1569 1355 τῶν

300 1415 500 1483 έλαῑκῶν
543 1419 747 1502 δένδρων
790 1427 873 1481 τῶν
916 1415 1049 1489 έντὸς
1092 1423 1169 1480 τοῦ
1212 1418 1444 1502 μετοχίου
1493 1425 1570 1478 των

298 1541 487 1607 Πλάνων
522 1546 552 1622 †.

327 1713 330 1720 ⁴
387 1675 662 1777 ΣίγνονλἸωοίννου
753 1671 939 1776 Σίγνονλτῆς
964 1681 1098 1766 συμβίου
1194 1671 1486 1770 ΣίγνονίΓεωργίου

442 1806 620 1898 τοῦίΜελη.
768 1796 1062 1904 αὐτοδλΘεοδάράς.
1159 1815 1213 1869 τοῦ
1237 1802 1433 1902 υίουραδτοδ.

388 1947 483 2028 γἘν
507 1945 639 2034 δνάματι
662 1956 717 2012 τοῦ
741 1950 859 2034 πατρὸς
882 1968 912 2011 κ.
931 1971 956 2012 τ.
974 1949 1002 2012 λ.
1027 1945 1175 2032 Ἰωάννης
1199 1943 1216 2009 δ
1240 1945 1351 2032 Μέλης
1366 1949 1423 2010 καί
1445 1941 1467 2031 ἡ
1493 1948 1569 2029 σύμ-

299 2073 368 2154 βιος
386 2067 483 2136 αὐτοῦ
495 2071 645 2156 Θεοδιίιρα
661 2075 717 2136 καί
734 2067 750 2134 δ
768 2073 898 2158 γνήσιος
915 2066 1016 2136 αιἰτῶν
1035 2069 1128 2152 [υἱὸς]
1139 2069 1308 2155 Γεωργιος,
1326 2067 1430 2134 οἱκαὶ
1446 2067 1569 2134 ἀνωθεν

297 2215 328 2258 κ.
346 2216 372 2258 τ.
395 2195 422 2258 λ.
454 2194 509 2280 τὴν
532 2203 696 2279 παροῦσαν
718 2195 877 2282 ἔγγραφον
904 2198 961 2258 καί
985 2192 1200 2280 ένυιτέγραφον
1231 2190 1425 2256 ἀπεντεῑιθεν
1449 2195 1507 2256 καί
1530 2189 1570 2261 εἰς

298 2319 333 2380 τὸ
359 2313 431 2402 ἑξῆς
455 2319 536 2401 μετὰ
559 2317 742 2382 καθολικοῦ
759 2318 968 2405 δεφενσίωνος
990 2327 1104 2402 πρᾶσιν
1131 2325 1183 2380 τοῦ
1200 2317 1351 2382 κάτωθεν
1375 2315 1569 2402 δηλωθησο-

300 2442 395 2527 μένου
424 2439 586 2527 χωραφίου
614 2443 670 2504 καὶ
698 2451 759 2506 τῶν
788 2439 984 2528 έλαιοφὸρων
1013 2440 1164 2525 δένδρων,
1199 2447 1254 2504 τοδ
1283 2443 1339 2504 καὶ
1366 2439 1568 2524 διακειμένου

300 2561 387 2635 έντός
408 2571 463 2628 τοῦ
483 2567 636 2650 μετοχίου
660 2573 719 2628 τῶν
742 2562 878 2648 Λέμβων
903 2571 958 2628 τοῦ
975 2561 1201 2648 διαλεγομένου
1224 2561 1382 2639 Πλάνους,
1408 2564 1568 2648 τίθεμεθα

297 2690 354 2752 καὶ
376 2695 528 2771 ποιοῦμεν
545 2685 699 2758 ἑκουσίως
722 2683 742 2774 ἢ
765 2685 797 2762 ἐξ
819 2686 979 2774 ἐγγράφου
1002 2684 1022 2773 ἢ
1048 2687 1081 2760 έξ
1105 2685 1251 2773 ἀγράφου
1276 2682 1493 2771 ὑποσχέσεως,
1516 2687 1568 2748 καὶ

298 2813 352 2874 διὰ
385 2819 476 2874 τοῦτο
514 2808 769 2896 ἀποβαλλάμεθα
792 2813 828 2874 τά
853 2821 915 2882 τοῖς
952 2807 1170 2896 ἀπατωμένους
1204 2811 1430 2895 προσβοηθοδν
1466 2810 1568 2894 δόγμα

298 2937 354 2998 καί
388 2945 494 2999 πᾶσαν
533 2934 753 3012 δικαιολογίαν
788 2935 843 2998 καί
878 2931 1040 2998 ἀντίθεσιν
1074 2936 1159 3006 κατὰ
1198 2941 1253 3018 τῆς
1282 2933 1448 3018 παρούσης
1482 2929 1567 3020 ἡμῶν

297 3060 443 3143 πράσεως
481 3059 558 3142 πρὸς
599 3059 653 3133 σέ,
701 3059 753 3120 τὸν
795 3060 1032 3121 πανοσιάτσιτον
1077 3054 1250 3134 ίσάγγελυν
1292 3059 1349 3120 καί
1395 3055 1575 3142 ἰσάριθμον

298 3189 357 3243 τῶν
382 3177 564 3259 ἁγιωτάτων
590 3176 711 3263 ἀνδρῶν
735 3183 790 3243 καὶ
813 3180 1061 3266 καθηγούμενον
1090 3187 1145 3264 της
1173 3180 1362 3264 περιβοήτου
1390 3183 1447 3244 καὶ
1475 3180 1566 3262 βασι-

297 3303 393 3389 λικῆςΙ
412 3312 510 3390 μονῆς
531 3313 590 3368 τῶν
614 3301 760 3388 Λέμβων,
785 3311 844 3388 κάρ
867 3301 1047 3387 Γεράσιμον
1070 3299 1293 3388 ίερομάναχον,
1318 3305 1474 3387 καὶπρὸς
1499 3301 1567 3370 τούς

299 3421 348 3490 ἀπ’
371 3421 468 3511 αὐτὴν
485 3423 704 3513 ἀσκουμένους
720 3426 894 3511 μοναχοδς,
919 3425 992 3498 τούς
1009 3430 1160 3511 μένοντας
1177 3421 1209 3488 έν
1233 3436 1271 3512 τη
1294 3427 1448 3512 βασιλικῇ
1471 3427 1565 3508 ταύτῃ

300 3558 382 3634 μονη
404 3547 448 3620 είς
472 3551 525 3612 τὸν
542 3549 642 3612 αίῶνα
665 3553 718 3614 τὸν
735 3547 870 3626 ἅπαντα,
895 3551 1009 3621 καθὼς
1033 3549 1271 3635 δηλωθήσεται·
1295 3551 1352 3610 καί
1376 3551 1437 3633 γὰρ
1454 3549 1568 3632 βουλη-

299 3673 410 3744 θέντες
444 3668 684 3757 έκποιήσασθαι
719 3673 774 3758 τὴν
810 3680 864 3736 τοῦ
899 3673 1043 3736 τοιούτου
1079 3677 1243 3758 χωραφίου
1276 3682 1391 3756 πρᾶσιν
1422 3677 1479 3737 καί
1509 3683 1565 3736 τῶν

298 3805 389 3878 τριῶν
406 3792 542 3859 ἐλαϊκῶν
559 3793 706 3880 δένδρων,
731 3797 786 3881 τὴν
804 3798 914 3859 τούτου
937 3805 1051 3880 πρᾶσιν
1067 3796 1344 3884 διεφημισάμεθοι,
1368 3794 1436 3882 ἥτις
1452 3802 1508 3862 καί
1524 3796 1565 3866 εἷς

300 3915 402 3989 ἀκοάς
431 3915 583 3990 έλθάντος
608 3939 675 3998 σου,
705 3928 760 3982 τοῦ
787 3921 1025 3982 πανοσιωτάτου
1049 3922 1299 4004 καθηγουμένου
1327 3931 1387 3985 τῶν
1422 3919 1563 4007 Λέμβων,

298 4035 467 4128 ἠθέλησας
484 4050 582 4106 ταῦτα
598 4039 833 4127 ἐξωνήσασθαι,
857 4047 914 4106 καί
929 4027 1159 4128 διαλεχθέντες
1182 4047 1253 4129 περὶ
1273 4051 1329 4129 τῆς
1354 4045 1465 4108 τούτου
1485 4046 1562 4128 πρά-

301 4185 380 4237 σεως
400 4169 652 4252 περιεστησαμεν
669 4167 704 4228 τά
729 4160 802 4229 ὅλον
820 4169 943 4251 τίμημα
966 4161 1067 4230 αὐτῶν
1085 4163 1246 4252 διτέρπυρα
1270 4172 1350 4252 τρία,
1374 4171 1431 4232 καί
1455 4169 1565 4250 λαβόν-

300 4309 351 4360 τες
380 4297 478 4353 ταδτα
506 4287 567 4352 ἀπὸ
597 4298 655 4352 σοῦ
680 4287 724 4359 εἰς
748 4291 805 4361 τὰς
828 4284 917 4374 ἡμῶν
941 4301 1049 4376 χεῖρας
1073 4287 1121 4354 ἐπ’
1149 4287 1222 4375 ὄψει
1245 4293 1301 4354 καὶ
1328 4295 1486 4376 παρουσία
1509 4299 1564 4351 τῶν

300 4413 449 4479 κάτωθεν
473 4406 738 4497 θπογραψομένων
775 4413 951 4498 μαρτύρων,
989 4399 1045 4477 καί
1079 4415 1205 4486 τελείως
1238 4409 1499 4500 έκπληρωθέντες
1532 4413 1564 4475 τὸ

301 4528 376 4598 δλον
400 4539 522 4621 τίμημα
547 4543 600 4599 τοῦ
624 4535 858 4621 διαπραθέντος
881 4533 970 4623 ἡμῶν
986 4541 1151 4623 χωραφίοο
1175 4541 1231 4600 καί
1255 4547 1315 4602 τῶν
1341 4535 1477 4602 ἐλαῐκιῐιν
1499 4539 1565 4600 δέν-

304 4657 395 4740 δρων,
415 4657 690 4743 παραδεδώκαμέν
708 4683 759 4726 σοι
782 4665 838 4724 καὶ
853 4657 943 4746 ἡμεῖς
965 4669 1064 4724 ταῦτα
1088 4672 1255 4748 σωματικη
1271 4663 1459 4748 παραδόσει,
1483 4661 1564 4750 ἀφεί-
