3190 5284
245 199 288 262 70

245 393 304 454 θεν
339 393 395 452 καί
434 394 504 451 κατ’
535 386 636 472 ἀρχὴν
673 397 727 449 που
757 390 909 470 παρόντος
939 381 1036 472 ύφους
1069 387 1120 447 τόν
1145 387 1247 467 τίμιον
1276 385 1332 445 καί
1364 383 1529 453 ζωοποιόν

247 513 381 596 σταυρόν
406 509 625 594 οίκειυχείρως
651 510 811 594 προτάξας
841 512 972 591 τίθεμαι
996 512 1051 570 καί
1077 517 1156 570 πυιιῑι
1185 503 1351 580 ἑκουσίως,
1382 498 1533 565 αύτοθε-

247 637 324 710 λύς,
355 632 561 716 ἀπανούργως
589 635 645 694 καί
674 627 732 694 ούκ
763 629 800 694 ἔκ
829 651 910 703 τινος
940 629 1084 716 ἀνάγκης
1112 627 1132 716 ἢ
1159 631 1230 711 βίας
1252 626 1272 714 ἢ
1297 627 1394 690 δόλου
1416 623 1437 712 ἢ
1462 631 1530 712 φό-

247 759 304 841 βου
328 755 348 841 ἢ
374 753 497 842 ἀπάτης
521 753 541 841 ἢ
566 757 684 840 χλεύης
709 753 729 840 ἢ
754 753 856 840 ἄλλης
884 756 966 826 τινός
991 751 1143 838 ἐπιψύγου
1167 755 1224 814 καί
1247 760 1303 835 τῆς
1328 761 1387 813 τῶν
1415 752 1531 832 νόμων

248 877 505 964 ἀποτρεπομένης
535 877 653 954 αίτίας,
691 875 774 940 ἀλλὰ
803 877 858 940 σύν
886 879 1051 962 προθυμία
1079 897 1139 959 μου
1167 879 1272 958 πόση,
1302 870 1452 958 δλοψύχιρ
1485 882 1532 954 πη

245 1004 398 1087 προθέσει
426 1006 481 1064 καί
510 1003 773 1086 μεμεριμνημέναι
803 998 912 1083 σκοπῷ
943 1001 1021 1083 πρός
1050 999 1105 1084 την
1134 999 1314 1081 σεβασμίαν
1342 999 1398 1058 καί
1426 991 1534 1072 ἁγίαν

249 1125 419 1210 βασιλικὴν
448 1124 545 1208 μονην
575 1123 630 1207 τήν
659 1119 791 1185 ούτωσίν
821 1119 1075 1206 έπικεκλημὲνην
1106 1131 1165 1184 τῶν
1192 1117 1330 1204 Λέμβων
1358 1121 1414 1182 καί
1441 1119 1531 1202 πρὸς

249 1247 322 1318 τούς
347 1241 393 1308 ἐπ’
419 1240 499 1330 αύτη
525 1243 741 1328 ἀσκουμένους
767 1243 939 1328 μοναχούς.
964 1246 1073 1305 τόντε
1103 1241 1135 1304 ὲν
1165 1251 1319 1327 μοναχοῑς
1347 1241 1532 1324 καθηγού-

249 1387 343 1453 μενον
366 1369 493 1451 ταύτης,
517 1375 576 1451 κύρ
599 1366 765 1450 Κύριλλυν,
791 1369 845 1428 καί
871 1366 943 1438 τούς
973 1362 1022 1430 ἀπ’
1052 1361 1149 1430 αύπού
1178 1365 1356 1450 μοναχούς,
1380 1361 1437 1426 καὶ
1461 1365 1534 1446 γὰρ

249 1490 318 1555 ίπεί
340 1492 400 1575 πρό
424 1493 544 1575 χρόνων
569 1485 628 1552 ούκ
653 1487 768 1568 όλίγων
793 1489 938 1576 ἔφθασεν
963 1487 980 1552 ό
1005 1489 1037 1552 έν
1066 1499 1105 1573 τη
1133 1485 1283 1570 Μανταίφ
1312 1488 1367 1572 τὴν
1396 1485 1532 1571 οἴκησιν

249 1613 334 1698 ἔχων
363 1609 481 1686 ἐκεῖνος
516 1609 532 1676 ὁ
560 1612 615 1675 διὰ
650 1621 704 1675 τού
734 1615 827 1676 θείου
854 1615 911 1674 καί
939 1609 1031 1690 ἁγίου
1060 1615 1229 1697 σχήματος
1264 1611 1536 1696 μετονομασθείς

247 1733 435 1821 Νικόδημος
465 1737 607 1822 μοναχύς
643 1733 794 1798 ἐκδοῦναι
823 1735 856 1797 έν
892 1745 930 1820 τη
960 1733 1127 1817 τελευταία
1156 1729 1252 1798 αύτοό
1288 1731 1431 1816 ἀναπνοη
1461 1729 1530 1794 ύπό

248 1858 438 1945 διαθηκῴου
463 1853 560 1920 αύτοό
584 1861 770 1942 γράμματος
796 1855 827 1920 ἐν
855 1855 897 1939 τῷ
921 1859 1038 1941 γονικῴ
1061 1852 1158 1922 αύτού
1182 1851 1338 1942 εύκτηρίφ
1362 1857 1418 1919 καί
1441 1857 1533 1936 θείῳ

249 1979 327 2064 οίκιρ
352 1983 394 2064 τῷ
419 1977 484 2044 ύντι
509 1979 540 2044 ἐν
565 1992 604 2066 τη
630 1983 720 2045 θέσει
742 1990 798 2064 τῆς
821 1979 987 2052 Μανταίας
1011 1985 1067 2044 καί
1095 1978 1182 2052 ἀντός
1213 1991 1273 2044 τῶν
1302 1981 1433 2044 δικαίων
1464 1989 1533 2042 τῶν

250 2105 456 2186 καλουμένων
495 2102 659 2167 Πλανιτῶν
697 2107 752 2168 καί
791 2103 951 2188 έγχωρίως
986 2101 1252 2188 ἐπονομαζομένην
1289 2101 1362 2186 Νεῷ
1400 2109 1456 2166 τού
1495 2100 1533 2164 ὲν

252 2225 354 2303 ἁγίοις
388 2227 506 2310 πατρός
544 2221 632 2310 ἡμῶν
672 2223 887 2310 ἀρχιεροίρχου
925 2229 981 2289 καί
1020 2228 1268 2310 θαυματουργοό
1306 2223 1532 2308 Πολυκάρπου

252 2347 367 2431 δένδρα
391 2345 506 2410 έλαῐκά
530 2350 583 2411 τόν
608 2345 748 2433 ἀριθμόν
772 2345 847 2412 ἀσεί
870 2349 1001 2424 δεκαέξ,
1019 2345 1119 2412 δίτινα
1143 2344 1219 2433 ύπὲρ
1243 2357 1299 2412 τού
1321 2357 1399 2412 ναοῦ
1423 2370 1532 2412 κατε-

252 2472 385 2558 φύτευσε
420 2473 513 2555 χάριν
542 2475 679 2556 ψυχικῆς
707 2469 804 2534 αύτυύ
832 2477 991 2557 σωτηρίας
1022 2467 1098 2555 ὑπὲρ
1128 2475 1327 2556 φωταυγείας
1353 2475 1409 2534 καί
1436 2475 1532 2555 περι-

251 2595 410 2678 ποιήσεως
433 2601 487 2655 τού
511 2593 715 2678 δηλωθέντος
744 2602 821 2656 ναοό
845 2597 901 2657 καί
925 2591 996 2656 ούτε
1021 2591 1053 2656 ἐν
1076 2604 1263 2679 πρακτικοῖς
1288 2605 1535 2678 στρατιωτικοῖς

251 2717 527 2799 πρακτικωθέντα,
552 2713 623 2778 οὔτε
649 2717 709 2800 μὴν
734 2714 766 2778 ἐν
790 2727 828 2801 τη
853 2723 908 2779 τού
931 2720 1224 2794 πανευγενεσταίτου
1245 2715 1414 2803 Κομνηνού
1439 2715 1534 2781 ὲκεί-

252 2857 306 2900 νου
331 2847 385 2900 τού
410 2837 569 2924 Πιγκέρνη
602 2835 774 2926 ἀπογραφῇ
803 2841 985 2934 τηριηθέντα
1007 2837 1028 2924 ἣ
1052 2839 1279 2924 παραδοθέντα
1303 2839 1337 2902 ἔν
1362 2860 1420 2902 τινι
1441 2861 1533 2923 πρα-

251 2959 354 3042 κτικηί
381 2961 595 3046 στρατιωτικῷ
626 2959 645 3047 ἢ
674 2966 730 3025 καί
759 2961 959 3048 δημοσιακηῑ,
985 2959 1055 3025 ἀλλ’
1081 2960 1177 3026 ἄνετα
1202 2965 1237 3026 τό
1261 2963 1408 3026 καθόλου
1440 2961 1529 3050 ἀφε-

252 3085 354 3148 θέντα
376 3086 432 3148 καί
457 3081 645 3170 ἀπαροίδοτα
669 3081 711 3156 ὡς
726 3083 997 3169 προσκυρωθέντα
1022 3083 1064 3170 τῷ
1088 3081 1168 3170 ἁγίῳ
1192 3083 1258 3170 ναῷ
1282 3093 1337 3150 τού
1362 3083 1394 3148 έν
1419 3083 1530 3164 ἁγίοις

253 3203 468 3270 ίσαπυστύλου
503 3205 728 3291 Πολυκοίρπου,
765 3209 940 3292 καθώσπερ
971 3212 1026 3272 καί
1048 3203 1069 3294 ἡ
1093 3215 1147 3271 τού
1178 3205 1367 3294 Νικοδήμου
1399 3207 1530 3274 ἐκείνου

256 3337 400 3412 μοναχυύ
435 3327 723 3416 έμπεριειλημμένη
752 3331 891 3405 διάταξις
925 3341 1097 3415 προσκυροῖ
1131 3339 1230 3395 ταῦτα
1265 3331 1307 3418 τῷ
1340 3331 1406 3418 ναῷ
1433 3331 1531 3418 ἀραῖς

153 3542 157 3551 Ι
255 3449 429 3535 φρικώδεσι
457 3461 516 3515 τῶν
540 3454 706 3538 θεοφόρων
726 3457 867 3535 πατέρων
891 3454 1076 3539 περιέφραξε
1096 3457 1153 3518 καί
1177 3451 1298 3538 ἑτέραις
1314 3455 1533 3543 δυσφορητοις

256 3571 398 3656 γύφωθεν
436 3576 700 3660 περιετάφρευσεν
739 3577 823 3638 κατὰ
862 3583 916 3638 τού
957 3577 1243 3662 έπιχετρησαμένου
1285 3579 1450 3664 διαρρῆξαι
1493 3581 1531 3644 τό

254 3690 378 3759 ἀκείνυυ
400 3699 599 3780 μνημόσυνον
623 3700 680 3760 καί
703 3701 742 3760 τὰ
760 3698 877 3762 ίλαῐκά
892 3697 1008 3783 δένδρα
1029 3697 1216 3764 ἀποσπάσαι
1240 3709 1294 3764 τού
1318 3703 1410 3764 θείου
1434 3711 1529 3778 ναού,

254 3819 311 3880 καί
334 3819 468 3890 καθέξει
489 3819 606 3890 ταύτας
630 3815 667 3882 ἐκ
690 3828 831 3906 κορυφῆς
859 3823 914 3883 καί
939 3825 1033 3906 μέχρι
1057 3823 1223 3906 πελμοίτων
1246 3824 1360 3903 ποδῶν,
1386 3821 1403 3887 δ
1427 3825 1462 3886 δέ
1491 3846 1531 3903 γε

256 3935 421 4025 ιύκτηριυς
447 3935 538 4013 υύτος
561 3945 617 4003 καί
641 3945 730 4013 θείας
754 3943 830 4012 ναός
855 3941 899 4014 είς
925 3953 1041 4007 πτύσιν
1066 3943 1186 4008 ἐκτῶν
1217 3949 1335 4030 χρόνων
1363 3951 1530 4034 κατηντη-

257 4081 322 4126 σεν·
348 4060 417 4126 έπεί
440 4063 476 4125 δέ
501 4061 562 4126 ἀπό
588 4071 642 4127 τού
666 4067 781 4148 χρόνου
806 4069 844 4128 τὰ
868 4069 971 4129 πάντα
994 4077 1258 4153 καινοτομούνται
1286 4068 1343 4133 καὶ
1371 4072 1530 4154 τειρεύον-

257 4203 322 4258 ται,
352 4191 407 4247 καί
434 4183 451 4248 δ
475 4194 618 4258 τοιούτος
646 4189 737 4258 θεῖος
760 4189 836 4259 ναός
859 4185 897 4251 ἐκ
919 4192 1129 4274 πρυσενίξεως
1153 4201 1213 4255 τῶν
1238 4189 1401 4257 Πλανιτύιν
1424 4215 1530 4278 προσ-

257 4305 341 4391 ῆλθε
375 4317 413 4392 τη
445 4313 611 4394 πανσέπτφ
639 4314 696 4372 καί
727 4305 804 4392 ἀγίογ
833 4311 985 4398 βασιλικη
1021 4323 1101 4398 μονη
1130 4323 1189 4376 των
1216 4312 1367 4399 Αέμβων,
1404 4315 1438 4381 δν
1468 4323 1532 4383 καί

255 4423 419 4515 ἠθέλησεν
447 4429 653 4495 ἀνακαινίσαι
680 4435 736 4495 καί
764 4430 808 4504 είς
836 4435 985 4519 μετόχιον
1014 4432 1174 4510 ἀναδεῖξαι
1204 4438 1237 4512 ἐξ
1266 4437 1391 4502 οίκείων
1419 4441 1530 4506 κόπων

257 4545 353 4636 αὐτῆς
376 4557 432 4615 καί
455 4549 606 4638 ὁρισμούς
631 4551 741 4627 θείους
764 4561 820 4618 καί
847 4558 1085 4641 πρυσκυνητούς
1109 4555 1185 4644 ύπέρ
1209 4555 1306 4626 αύτοό
1332 4561 1530 4648 ἐπεβφαβεύ-
