3140 5306
271 269 336 335 2⁷2

360 463 443 546 †‘0
471 465 774 553 χαρτοφιίλαξ
807 475 885 553 τῆς
912 464 1179 554 ἁγιωτάτης
1215 467 1426 554 μεγάλης
1465 473 1548 530 τοῦ

273 589 389 654 θεοῦ
413 587 1305 676 ἐκκλησίας,ΝικήτοιςὸΚοτριανῦςγ.

361 730 441 818 Είχε
469 731 504 794 δί
532 733 589 796 καί
616 733 769 796 κάτωθεν
798 729 1032 819 ἀτηωρημίνην
1062 733 1247 819 ρολιβδίνην
1271 733 1419 817 βοῦλλαν,
1452 729 1499 804 ιδς
1527 729 1548 818 ἡ

276 855 431 942 συνήθεια
458 863 518 919 τιῦν
546 855 798 944 χαρτωρολάκων
827 852 1095 941 ἐγκεκολαμμίνα
1123 855 1264 947 ἔχουσαν
1287 859 1467 943 γράμματα
1492 857 1548 920 διὰ

276 982 393 1065 στίχων
420 983 559 1070 τοοτωνί·
586 977 733 1066 Νικητας
755 981 880 1074 γραφάς
907 979 1154 1066 χαρτοιρῦλακος
1181 979 1271 1044 δίδοο
1297 979 1486 1067 Κοτριανοῦ
1511 982 1547 1044 τδ

273 1108 371 1191 κῦρος
393 1101 495 1186 αἵσιοχ
519 1099 612 1188 κάρη.
724 1167 728 1175 ,

533 1367 692 1438 CLXXVI.
710 1367 786 1437 Sine
802 1387 894 1442 anno,
909 1389 1019 1436 mense
1034 1368 1125 1451 maio,
1141 1367 1207 1436 ind.
1225 1368 1278 1437 Vl.

268 1509 275 1523 “
383 1483 549 1594 ίωρινοιοτ
561 1517 716 1590 praedium
731 1517 761 1576 S.
777 1515 896 1574 Μανίαν
909 1517 1082 1574 monasterio
1097 1513 1201 1574 Lombo
1216 1516 1328 1574 εοειίιιιί
1342 1517 1428 1578 ἕωθεν.

363 1671 696 1759 γΠράστοιγρα
723 1673 1061 1759 διοριζὸρενον
1090 1671 1468 1758 ειταναοωθηναι
1495 1681 1546 1758 τῇ

278 1805 391 1882 μονῇ
418 1797 465 1862 εδ
493 1794 559 1870 τίς
587 1797 663 1884 την
692 1799 843 1882 χώραν
874 1804 950 1861 τοῦ
978 1794 1178 1863 Γενιαοῦ
1206 1799 1436 1883 μετῦχιον
1466 1803 1546 1882 τῆς

275 1918 714 2007 Ἀραναριωτίσσης
742 1919 820 1986 οὐν
848 1914 1164 2014 τῷιεῦκτηρίιρ
1187 1927 1264 2008 τῆς
1287 1919 1426 2002 άγίας
1456 1918 1544 1986 Μα-

276 2047 407 2134 ρίνης
429 2047 460 2125 †.

364 2189 385 2266 †
408 2184 626 2269 Ποινσῦβαστε,
651 2187 797 2271 σεβαοτδ,
821 2183 920 2252 οἰκεία
942 2195 981 2274 τῇ
1005 2187 1152 2271 βασιλεία
1174 2205 1245 2274 ρον,
1268 2187 1362 2274 κριτὰ
1383 2195 1443 2252 τοῦ
1461 2188 1544 2252 θεο-

278 2311 453 2396 ρροορήτοο
480 2312 659 2396 ροσσάτοο,
681 2317 741 2396 κῦρ
763 2307 980 2376 Κωνσταντίνε
1002 2309 1113 2378 Χτιλά.
1144 2307 1177 2376 οἱ
1198 2313 1335 2396 μοναχοί
1358 2317 1414 2398 τίρς
1440 2312 1545 2394 σεβα·

277 2423 373 2518 ὁρίοις
396 2441 494 2520 μονῆς
516 2442 573 2522 τῆς
598 2432 764 2516 βασιλείοις
788 2455 849 2519 μοο
872 2441 927 2520 τῆς
951 2431 996 2506 είς
1016 2429 1119 2520 ὄνομα
1138 2436 1317 2520 τιμωρίνης
1340 2441 1395 2520 τῆς
1418 2429 1543 2519 ὑπερά-

276 2573 351 2635 γνοο
375 2577 436 2641 μοι
459 2557 629 2642 δεσποίνης
652 2560 709 2622 καί
731 2558 933 2645 θεομητορος
959 2565 1016 2644 τῆς
1042 2565 1098 2624 τοῦ
1124 2555 1257 2645 Αὲμβοο
1283 2553 1544 2645 ίτικεκληριάνης

276 2676 442 2766 ἀνίρερον,
476 2676 519 2754 ὣς
545 2683 616 2764 ιτερί
644 2681 700 2767 τήν
727 2683 836 2766 χώραν
869 2689 926 2746 τοῦ
960 2678 1094 2748 Γινικοῦ
1121 2685 1293 2769 κεκτηνται
1320 2682 1474 2767 ρετάχιον
1505 2682 1541 2745 τὸ

276 2812 333 2890 τῆς
360 2802 655 2890 Ἀριαναριωτίσσης
689 2805 887 2890 καλούμενον
915 2803 970 2870 σθν
998 2803 1044 2890 τῷ
1068 2799 1220 2892 εθκιηρίιρ
1248 2813 1304 2891 της
1338 2800 1435 2884 άγίιις
1466 2802 1542 2871 λία-

276 2924 379 3018 ρίνης,
408 2925 488 3014 ἅτιρ
514 2931 776 3016 κοιταγράροντοιι
798 2931 857 2994 καί
883 2925 915 2993 ἰν
938 2925 982 3014 τῷ
1007 2931 1157 3014 τροσάντι
1180 2923 1286 3002 αὐτοῖς
1308 2929 1541 3014 χροσοβοῦλλιρ

276 3061 333 3140 τῆς
363 3053 529 3138 βασιλείας
556 3073 627 3138 μοο.
657 3053 720 3139 τρδ
741 3060 855 3138 καιροῦ
882 3053 919 3118 δδ
952 3055 1183 3140 κατεκρετηθη
1210 3055 1246 3120 τδ
1273 3060 1415 3118 τοιοῦτον
1444 3056 1543 3138 ριιτῦ-

276 3195 348 3264 χιον
374 3180 461 3262 παρὰ
488 3185 544 3242 τοῦ
572 3179 686 3264 ρίροος
708 3140 765 3240 Ιτοῦ
788 3174 1104 3264 Πορρορογεννητοο,
1127 3179 1184 3242 καί
1206 3173 1345 3263 θκετίθη
1369 3187 1408 3262 τῇ
1436 3177 1540 3260 σεβα-

277 3303 356 3388 σμία
379 3310 460 3388 μονῇ
483 3309 539 3366 τοῦ
555 3297 714 3366 Στοοδίοο.
739 3297 917 3366 κάντεῦθεν
933 3297 1118 3386 εδεήθησοιν
1139 3295 1387 3386 ίτοναοαθηναι
1409 3310 1449 3388 τῇ
1467 3294 1538 3365 κατ’

277 3421 392 3497 αι’ντοῦς
414 3425 544 3509 τοιαύτη
561 3424 724 3509 σεβασρία
747 3433 838 3510 ρονη.
864 3431 920 3509 τῆς
940 3431 1015 3502 γοῦν
1038 3423 1179 3511 δεήσεως
1202 3420 1304 3490 αθτιῦν
1328 3407 1541 3490 ίταεῖοῦσασιι

276 3543 297 3634 ἡ
322 3547 470 3631 βασιλεία
499 3569 559 3633 μον
581 3547 766 3630 διορίζεται,
795 3545 837 3621 ὣς
861 3544 899 3612 ἂν
923 3544 1062 3634 ἀναδίξη
1089 3547 1163 3621 τοῦς
1185 3549 1346 3623 τοιοῦτοος
1374 3549 1539 3636 ροναχοῦς

189 3677 196 3686 “
277 3675 333 3736 καί
361 3668 577 3756 οίκονορήσης
612 3669 827 3754 λαιλαβάσθαι
856 3675 912 3736 καί
946 3674 1098 3758 κατάχεον
1125 3673 1161 3736 τδ
1189 3669 1353 3759 εἰρημένον
1388 3675 1538 3759 ρετάχιον

278 3791 390 3872 αὐτῶν,
413 3790 457 3868 ὣς
481 3795 516 3861 τὸ
538 3797 691 3880 πρότερον
715 3798 800 3860 κατὰ
822 3795 877 3880 τήν
900 3779 1065 3884 κερίληψιν
1088 3804 1144 3860 τοῦ
1166 3799 1338 3882 προσόντος
1355 3792 1472 3878 αθτοίς,
1498 3793 1539 3866 ὣς

278 3919 408 4007 εἴρηται,
432 3919 671 4005 χροσοβοῦλλοο
697 3911 754 3985 καί
782 3919 825 4005 μὴ
854 3915 1009 4006 εὑρίσκειν
1036 3923 1126 4005 ιτοιρά
1153 3939 1235 3994 τινος
1265 3921 1539 3986 καταδοκαστείαν

276 4047 333 4110 καί
356 4043 557 4129 διενδχλησιν
584 4051 641 4128 τῆς
664 4043 775 4108 τοῦτον
798 4051 943 4130 κατοχῆς
967 4047 1023 4110 καί
1046 4053 1146 4131 νομῆς
1175 4043 1294 4112 θνεκεν.
1324 4048 1381 4110 καί
1402 4048 1536 4130 ποίησον

276 4171 361 4234 κατὰ
396 4169 448 4234 τὸν
474 4168 615 4252 ταρῦντοι
643 4163 775 4252 δρισριδν
803 4176 859 4253 τῆς
888 4167 1055 4250 βασιλείας
1083 4189 1156 4254 μοι),
1185 4166 1220 4233 δν
1247 4173 1303 4236 καί
1334 4167 1537 4253 ἀντίστροφον

277 4293 353 4378 πρὸς
377 4289 490 4364 αὐτοὺς
513 4291 553 4356 δι’
575 4287 756 4379 ἀσφάλειαν
778 4294 809 4371 †.

364 4437 386 4514 γ
419 4429 530 4519 Εἶχε
566 4433 624 4498 τά·
660 4434 767 4518 μηνί
803 4429 919 4517 μαίιρ
952 4431 1034 4498 ίνδ.
1068 4429 1209 4520 ἕκτης
1240 4433 1292 4498 δι’
1328 4433 1535 4519 ίροθρινν

279 4561 562 4644 γραμμάτων
590 4565 668 4642 τῆς
696 4556 953 4641 βασιλικῆς
987 4560 1064 4621 καί
1098 4558 1237 4629 θείας
1271 4559 1432 4644 χειρὸς
1459 4559 1536 4621 καί

281 4682 508 4758 κάτωθεν,
536 4678 589 4752 ὣς
618 4679 729 4752 ἔθος
752 4689 848 4752 τοῖς
872 4682 1145 4763 μεσάίοοσι·
1172 4682 1247 4746 διὰ
1270 4689 1347 4747 τοῦ
1370 4701 1535 4766 τρωτο-
