3238 5282
1230 301 1232 305 ·
1304 270 1364 332 421

104 459 155 522 διὰ
179 465 233 522 τοῦ
263 455 436 538 ἀγγελικοῦ
465 463 632 546 σχήματος
660 469 757 546 κυροῶ
786 460 924 547 ’ίωοίσαρ
959 464 1131 546 συνέτυχον
1158 465 1235 544 πρὸς
1266 456 1369 538 αὐτὸν,

104 578 144 654 ἀς
171 579 224 646 ἵνα
248 552 330 668 έοίση
354 581 410 668 τήν
435 578 511 668 ὃλην
532 578 694 669 Ιήμίσειοιν
720 593 777 670 γήν
801 593 857 670 τής
881 581 1020 668 Πέτρας,
1057 593 1112 670 τῆς
1140 583 1197 648 καί
1226 587 1369 668 ἀνωτέρω

104 703 283 790 είρημένης,
319 702 363 780 ὥς
397 702 435 770 ἂν
459 704 585 792 κατέχη
610 708 665 793 τήν
690 704 768 794 ὅλην
800 704 950 794 ήμίσειαν
986 717 1043 793 γῆν
1074 717 1130 792 τῆς
1165 707 1369 793 δηλωθείσης

104 827 226 913 Πέτρας
253 823 274 914 ή
299 825 347 893 ἀπ’
372 827 427 914 ἐμέ
452 831 613 916 σεβασμία
641 833 720 917 μονή
745 839 800 918 τής
827 834 1065 916 πανυπεροίγνου
1088 835 1304 918 θεομήτορος,
1332 831 1369 916 ήν
1413 827 1415 832 ’

104 955 157 1016 καί
186 955 267 1038 μετὰ
295 951 482 1038 εἰλικρινοῦς
504 957 561 1018 καί
582 956 734 1040 καθαρᾶς
762 955 942 1027 διαθέσεως
968 956 1117 1041 βουλήσει
1145 959 1200 1018 καί
1224 955 1368 1040 θελήσει,

103 1079 157 1139 καί
177 1079 364 1160 προαιρέσει
398 1069 494 1142 αάτοῶ
524 1075 612 1142 είασε
639 1079 716 1162 πρὸς
741 1079 795 1162 τήν
819 1073 868 1142 ἀπ’
893 1075 949 1162 ἐμέ
978 1080 1155 1162 σεβασμίου
1185 1080 1282 1164 μονήν
1311 1080 1366 1165 τήν

100 1195 226 1264 ἅπασαν
260 1195 408 1286 ήμίσειοιν
433 1209 491 1286 γῆν
516 1197 567 1265 ἀπ’
603 1199 711 1286 ἄκρων
738 1199 798 1274 ἕως
827 1199 933 1286 ἄκρων
969 1204 1049 1286 μετὰ
1076 1205 1199 1266 πάντων
1234 1203 1367 1266 δικαίων

98 1326 151 1386 καί
182 1327 362 1409 προνομίαν
390 1332 447 1410 τῆς
474 1327 580 1410 πάσης
606 1319 763 1409 ήμίσεως,
798 1321 851 1387 ἵνα
874 1328 1000 1410 κατέχῃ
1037 1326 1152 1411 ταύτην
1181 1321 1201 1412 ἡ
1231 1322 1279 1389 ἀπ’
1310 1325 1367 1411 έμέ

99 1448 259 1532 σεβασμία
294 1446 374 1532 μονή
411 1444 473 1512 ἀπὸ
509 1455 564 1512 τοῶ
599 1456 652 1512 νῶν
687 1451 744 1511 καί
779 1445 825 1520 είς
860 1448 932 1521 τούς
962 1445 1033 1534 ἑέής
1069 1445 1212 1521 ἅπαντας
1240 1447 1367 1526 ἀιῶνας,

98 1571 210 1636 τούτου
239 1573 411 1656 γινομένου
445 1573 502 1634 καί
525 1567 687 1658 ίγγροίφοο
716 1573 968 1657 συμβιβαστικής
997 1581 1122 1658 γραφῆς
1150 1567 1248 1637 αὐτοῦ
1276 1593 1367 1637 πεπι·
1432 1543 1434 1554 ,

99 1698 262 1781 στωμένης
296 1691 354 1758 καὶ
380 1694 452 1780 παρ’
488 1690 585 1760 αὐτοῦ
612 1697 669 1758 καί
696 1699 782 1780 παρὰ
818 1703 872 1759 τοῦ
902 1689 1130 1774 εὐγενεστάτου
1164 1693 1231 1759 οἱοῦ
1260 1693 1368 1774 αὐτοῦ,

99 1827 195 1904 κοροῶ
219 1817 365 1884 Ἰωάννου
392 1817 562 1904 Κομνηνοΐι
591 1828 647 1883 τοῦ
674 1817 897 1905 Μαλιασηνοῶ,
929 1821 986 1882 καί
1013 1823 1099 1904 παρὰ
1127 1829 1187 1883 τῶν
1216 1817 1368 1905 ἐκκρίτων

101 1953 248 2028 μοναχῶν
277 1952 338 2006 τῶν
363 1939 568 2027 ἀσκουμένων
597 1939 628 2006 έν
654 1953 692 2029 τή
717 1945 849 2028 τοιαύτη
874 1943 1036 2027 σεβασμίφ
1059 1954 1141 2029 μονή
1165 1945 1367 2028 κυρωθέντος

101 2071 155 2130 καί
183 2063 389 2140 έπιδοθέντος
417 2064 461 2138 είς
496 2067 551 2151 τήν
587 2062 636 2130 ἀπ’
666 2062 722 2151 ἐμὲ
759 2067 936 2152 σεβασμίων
965 2068 1062 2152 μονήν
1098 2075 1154 2153 τής
1187 2071 1368 2152 πανυπερά-

101 2209 175 2268 γνου
199 2191 415 2276 θεομήτορος,
451 2187 591 2276 έπέλαχε
614 2189 691 2274 πρὸς
718 2191 774 2276 τήν
809 2191 988 2275 σεβασμίαν
1017 2191 1116 2276 μονήν
1152 2200 1207 2276 της
1241 2189 1369 2266 Ὀίείας

100 2312 313 2400 Ἐπισκέψεως
340 2323 395 2400 τῆς
418 2311 668 2400 Μακρινιτίσσης
703 2315 739 2376 τὸ
768 2316 863 2399 μέρος
891 2316 927 2379 τδ
963 2311 1143 2398 ἀποβλέπον
1179 2317 1214 2378 τὸ
1249 2313 1368 2400 Ἀρμε-

100 2446 224 2523 νονήσιν
259 2437 315 2523 τήν
349 2435 504 2523 Κριποῦς,
543 2444 599 2500 τοῦ
634 2435 829 2523 Πλατυποδη
864 2439 921 2501 καί
959 2439 1013 2501 τδν
1047 2435 1189 2517 Λόγγον,
1223 2441 1299 2524 πρὸς
1334 2441 1370 2503 δὲ

100 2563 136 2626 τδ
171 2565 268 2646 μέρος
301 2569 357 2646 της
384 2555 560 2646 ὁπεροίγνου
594 2533 796 2646 θεομήτορος
832 2558 971 2646 έπέλαχε
1006 2563 1041 2625 τό
1078 2566 1174 2646 μέρος
1210 2572 1265 2648 τής
1299 2561 1369 2628 Με-

100 2683 204 2770 γοίλης
238 2687 296 2748 καί
330 2685 365 2747 τδ
401 2687 496 2770 μέρος
530 2705 585 2747 του
620 2680 713 2763 ἁγίου
740 2683 912 2772 Στεφάνου.
948 2683 978 2748 εἴ
1011 2705 1056 2756 τις
1096 2694 1171 2764 γοῦν
1208 2683 1370 2772 ἀκυρῶσαι

101 2809 251 2894 βουληθή
286 2805 324 2872 έκ
358 2817 419 2871 τῶν
454 2804 639 2896 ἀμφοτέρων
675 2817 777 2892 μερῶν
812 2817 872 2871 τῶν
900 2807 956 2871 δύο
986 2818 1088 2892 μονῶν
1116 2813 1172 2873 καί
1203 2820 1263 2873 τῶν
1291 2833 1370 2895 συμ-

102 2933 296 3016 βιβαστικῶν
321 2927 487 3018 ἐγγράφων
509 2927 609 3018 ήμῶν,
634 2929 696 2994 εἴτε
719 2933 860 3016 κτήτωρ,
885 2929 947 2994 εἴτε
971 2927 1159 3018 ἡγούμενος,
1184 2932 1245 2997 εἴτε
1270 2932 1369 3007 ἄλλος

97 3077 146 3128 τις
175 3065 236 3120 τῶν
266 3063 368 3140 μερῶν
392 3063 453 3120 τῶν
481 3051 580 3132 ἁγίων
616 3063 719 3138 μονῶν
749 3056 901 3138 μοναχός,
931 3056 1043 3138 μικρὸς
1071 3053 1133 3120 εἴτε
1166 3061 1281 3141 μέγας,
1317 3055 1370 3120 ἵνα

100 3179 275 3246 ἐπισπᾶται
302 3175 319 3242 δ
348 3187 491 3250 τοιοῦτος
526 3176 559 3242 ἐν
588 3178 630 3263 τῷ
664 3179 816 3264 τραχήλῳ
852 3175 950 3243 αὐτοῦ
979 3181 1035 3252 τὰς
1071 3177 1153 3264 ἀρὰς
1180 3191 1240 3244 τῶν
1272 3177 1370 3260 ἁγίων

98 3309 157 3369 καί
184 3305 352 3392 θεοφέρων
379 3307 523 3386 πατέρων
550 3306 740 3388 τριακοσίων
764 3302 846 3366 δέκα
872 3305 929 3367 καί
964 3299 1048 3366 δκτῶ
1077 3313 1137 3368 τῶν
1172 3302 1204 3366 έν
1238 3303 1370 3388 Νικαίογ,

99 3433 159 3494 καί
187 3427 237 3514 εἴη
264 3431 321 3492 καί
346 3421 366 3512 ἡ
392 3429 481 3510 μερίς
510 3424 607 3492 αίιτοῶ
632 3428 713 3509 μετὰ
736 3431 791 3490 τοῶ
818 3425 975 3510 προδότου
1003 3425 1107 3490 Ἰούδα
1129 3431 1185 3490 καί
1210 3424 1226 3490 δ
1251 3429 1370 3514 κλήρος

101 3547 201 3618 αὐτοῦ
227 3555 308 3636 μετὰ
330 3561 389 3616 τῶν
419 3549 601 3636 εἰρηκότων·
625 3546 716 3634 ἆρον,
744 3545 832 3634 ἀρον,
856 3551 1039 3634 σταύρωσον
1065 3545 1159 3614 αὐτὸν
1184 3555 1236 3616 τιίν
1259 3554 1369 3638 κύριον

100 3687 158 3763 τῆς
192 3677 298 3760 δοίης.
334 3685 426 3740 τοῦτο
459 3675 495 3738 δέ
527 3671 669 3753 ἐγεγόνει
703 3675 821 3738 κατὰ
856 3673 933 3759 τήν
968 3665 1258 3761 τριακοστήν
1293 3686 1371 3740 τοῦ

99 3804 334 3888 παρέντος
370 3798 557 3863 ίουνίου
595 3799 740 3883 μηνὸς
774 3805 853 3882 τής
891 3805 965 3862 νῶν
1000 3801 1268 3884 τρεχοέσης
1308 3822 1371 3862 τε-

99 3921 704 4010 τάρτηςίνδικτιῶνοςτοῶ
729 3917 1160 4006 έίακισχιλιοοτοῦ
1185 3920 1372 3986 ἑπτακο-

101 4044 1079 4132 σιοστοῶδγδοηκοστοῶτετάρτουέτουα

191 4171 346 4238 Τοιοῦτον
374 4172 415 4256 δή
439 4193 468 4234 τι
490 4173 547 4234 καί
569 4171 604 4233 τὰ
629 4169 847 4232 καταθετικόν
876 4172 1006 4252 γράμμα
1030 4175 1085 4232 τοῦ
1111 4164 1291 4254 ήγουμένου
1314 4178 1371 4255 τής

99 4299 343 4381 πανυπεροίγνοο
366 4296 567 4380 θεομήτορος
591 4289 641 4356 έπί
664 4301 703 4376 τή
727 4301 769 4376 γή
794 4300 849 4376 τῆς
874 4289 997 4374 Πέτρας
1020 4293 1098 4376 πρὸς
1122 4293 1176 4378 τήν
1202 4292 1298 4377 μονήν
1315 4301 1371 4377 τῆς

100 4419 280 4508 ὁπεροίγνου
307 4420 476 4504 δεσποίνης
503 4413 593 4504 ἡμῶν
620 4417 780 4480 θεοτὸκου
815 4423 872 4499 τής
895 4412 1147 4501 Μακρινιτίσσης
1175 4419 1231 4479 καί
1247 4413 1371 4490 Ὀξείας

100 4543 329 4630 Ἐπισκέψεως.

191 4677 305 4736 Pasini,
320 4693 351 4744 ρ.
370 4669 440 4728 353.
