<?xml version="1.0" encoding="UTF-8"?>
<!DOCTYPE html PUBLIC "-//W3C//DTD XHTML 1.0 Transitional//EN"
    "http://www.w3.org/TR/xhtml1/DTD/xhtml1-transitional.dtd">
<html xmlns="http://www.w3.org/1999/xhtml" xml:lang="en" lang="en">
 <head>
  <title>
</title>
<meta http-equiv="Content-Type" content="text/html;charset=utf-8" />
  <meta name='ocr-system' content='tesseract 3.04.00' />
  <meta name='ocr-capabilities' content='ocr_page ocr_carea ocr_par ocr_line ocrx_word'/>
</head>
<body>
  <div class='ocr_page' id='page_1' title='image "./actaetdiplomata04miklgoog_0136.png"; bbox 0 0 3190 5284; ppageno 0'>
   <div class='ocr_carea' id='block_1_1' title="bbox 1308 279 1367 342">
    <p class='ocr_par' dir='ltr' id='par_1_1' title="bbox 1308 279 1367 342">
     <span class='ocr_line' id='line_1_1' title="bbox 1308 279 1367 342; baseline 0 -1"><span class='ocrx_word' id='word_1_1' title='bbox 1308 279 1367 342; x_wconf 86' lang='lat'><strong>101</strong></span> 
     </span>
    </p>
   </div>
   <div class='ocr_carea' id='block_1_2' title="bbox 1 463 1370 2653">
    <p class='ocr_par' dir='ltr' id='par_1_2' title="bbox 1 463 1370 2653">
     <span class='ocr_line' id='line_1_2' title="bbox 81 463 1369 556; baseline 0.006 -30"><span class='ocrx_word' id='word_1_2' title='bbox 81 467 137 527; x_wconf 86' lang='grc' dir='ltr'><strong>καί</strong></span> <span class='ocrx_word' id='word_1_3' title='bbox 168 463 259 544; x_wconf 82' lang='grc' dir='ltr'><strong>ὦσιν,</strong></span> <span class='ocrx_word' id='word_1_4' title='bbox 289 467 435 532; x_wconf 75' lang='grc' dir='ltr'><strong>ἔστωσαν</strong></span> <span class='ocrx_word' id='word_1_5' title='bbox 460 466 505 541; x_wconf 83' lang='grc' dir='ltr'><strong>είς</strong></span> <span class='ocrx_word' id='word_1_6' title='bbox 533 469 586 555; x_wconf 70' lang='grc' dir='ltr'><strong>τὴν</strong></span> <span class='ocrx_word' id='word_1_7' title='bbox 617 469 714 554; x_wconf 78' lang='grc' dir='ltr'><strong>μονψν</strong></span> <span class='ocrx_word' id='word_1_8' title='bbox 744 466 943 556; x_wconf 81' lang='grc' dir='ltr'><strong>ἀνενόχλητα</strong></span> <span class='ocrx_word' id='word_1_9' title='bbox 968 473 1024 533; x_wconf 82' lang='grc' dir='ltr'><strong>καί</strong></span> <span class='ocrx_word' id='word_1_10' title='bbox 1049 467 1280 556; x_wconf 76' lang='grc' dir='ltr'><strong>ἀκαταίήτητα</strong></span> <span class='ocrx_word' id='word_1_11' title='bbox 1307 469 1369 534; x_wconf 88' lang='grc' dir='ltr'><strong>ἀπό</strong></span> 
     </span>
     <span class='ocr_line' id='line_1_3' title="bbox 79 588 1367 680; baseline 0.006 -30"><span class='ocrx_word' id='word_1_12' title='bbox 79 593 207 661; x_wconf 79' lang='grc' dir='ltr'><strong>παντὸς</strong></span> <span class='ocrx_word' id='word_1_13' title='bbox 230 599 285 654; x_wconf 84' lang='grc' dir='ltr'><strong>τοῦ</strong></span> <span class='ocrx_word' id='word_1_14' title='bbox 314 594 431 677; x_wconf 87' lang='grc' dir='ltr'><strong>μέρους</strong></span> <span class='ocrx_word' id='word_1_15' title='bbox 460 588 558 677; x_wconf 81' lang='grc' dir='ltr'><strong>ἡμῶν.</strong></span> <span class='ocrx_word' id='word_1_16' title='bbox 589 595 691 656; x_wconf 89' lang='grc' dir='ltr'><strong>τοίνυν</strong></span> <span class='ocrx_word' id='word_1_17' title='bbox 718 597 774 656; x_wconf 84' lang='grc' dir='ltr'><strong>καί</strong></span> <span class='ocrx_word' id='word_1_18' title='bbox 798 597 883 656; x_wconf 82' lang='grc' dir='ltr'><strong>κατὰ</strong></span> <span class='ocrx_word' id='word_1_19' title='bbox 907 593 962 679; x_wconf 79' lang='grc' dir='ltr'><strong>τὴν</strong></span> <span class='ocrx_word' id='word_1_20' title='bbox 986 600 1046 656; x_wconf 91' lang='grc' dir='ltr'><strong>τῶν</strong></span> <span class='ocrx_word' id='word_1_21' title='bbox 1075 591 1237 678; x_wconf 75' lang='grc' dir='ltr'>ἑκατέρων</span> <span class='ocrx_word' id='word_1_22' title='bbox 1266 603 1367 680; x_wconf 92' lang='grc' dir='ltr'><strong>μερῶν</strong></span> 
     </span>
     <span class='ocr_line' id='line_1_4' title="bbox 81 713 1369 805; baseline 0.005 -31"><span class='ocrx_word' id='word_1_23' title='bbox 81 713 226 798; x_wconf 74' lang='grc' dir='ltr'><strong>δέλησίν</strong></span> <span class='ocrx_word' id='word_1_24' title='bbox 256 736 289 777; x_wconf 88' lang='grc' dir='ltr'><strong>τε</strong></span> <span class='ocrx_word' id='word_1_25' title='bbox 319 718 375 778; x_wconf 86' lang='grc' dir='ltr'><strong>καί</strong></span> <span class='ocrx_word' id='word_1_26' title='bbox 406 713 577 800; x_wconf 73' lang='grc' dir='ltr'><strong>ἀρέσκειαν</strong></span> <span class='ocrx_word' id='word_1_27' title='bbox 605 715 879 802; x_wconf 72' lang='grc' dir='ltr'><strong>παραδεδώκαμεν</strong></span> <span class='ocrx_word' id='word_1_28' title='bbox 903 720 942 780; x_wconf 88' lang='grc' dir='ltr'><strong>τὰ</strong></span> <span class='ocrx_word' id='word_1_29' title='bbox 969 725 1100 782; x_wconf 79' lang='grc' dir='ltr'><strong>τοιαῦτα</strong></span> <span class='ocrx_word' id='word_1_30' title='bbox 1125 715 1288 805; x_wconf 76' lang='grc' dir='ltr'><strong>οἰκήματα</strong></span> <span class='ocrx_word' id='word_1_31' title='bbox 1312 718 1369 780; x_wconf 89' lang='grc' dir='ltr'><strong>σύν</strong></span> 
     </span>
     <span class='ocr_line' id='line_1_5' title="bbox 82 834 1369 924; baseline 0.007 -28"><span class='ocrx_word' id='word_1_32' title='bbox 82 835 129 918; x_wconf 76' lang='grc' dir='ltr'><strong>αρ’</strong></span> <span class='ocrx_word' id='word_1_33' title='bbox 159 834 479 923; x_wconf 82' lang='grc' dir='ltr'><strong>ἀμπελοπεριβυλίιρ,</strong></span> <span class='ocrx_word' id='word_1_34' title='bbox 516 835 570 901; x_wconf 82' lang='grc' dir='ltr'><strong>οἵα</strong></span> <span class='ocrx_word' id='word_1_35' title='bbox 593 841 649 902; x_wconf 84' lang='grc' dir='ltr'><strong>καί</strong></span> <span class='ocrx_word' id='word_1_36' title='bbox 673 835 735 904; x_wconf 83' lang='grc' dir='ltr'><strong>ὅσα</strong></span> <span class='ocrx_word' id='word_1_37' title='bbox 759 843 815 902; x_wconf 80' lang='grc' dir='ltr'><strong>καί</strong></span> <span class='ocrx_word' id='word_1_38' title='bbox 840 839 931 916; x_wconf 72' lang='grc' dir='ltr'><strong>εἰσίν,</strong></span> <span class='ocrx_word' id='word_1_39' title='bbox 968 836 1042 902; x_wconf 74' lang='grc' dir='ltr'><strong>ἄνευ</strong></span> <span class='ocrx_word' id='word_1_40' title='bbox 1067 843 1123 924; x_wconf 89' lang='grc' dir='ltr'><strong>μὲν</strong></span> <span class='ocrx_word' id='word_1_41' title='bbox 1147 849 1208 904; x_wconf 87' lang='grc' dir='ltr'><strong>τῶν</strong></span> <span class='ocrx_word' id='word_1_42' title='bbox 1244 837 1369 905; x_wconf 77' lang='grc' dir='ltr'><strong>ἄνωθεν</strong></span> 
     </span>
     <span class='ocr_line' id='line_1_6' title="bbox 82 959 1370 1050; baseline 0.003 -28"><span class='ocrx_word' id='word_1_43' title='bbox 82 961 316 1044; x_wconf 77' lang='grc' dir='ltr'><strong>δηλωθέντων,</strong></span> <span class='ocrx_word' id='word_1_44' title='bbox 342 960 385 1033; x_wconf 83' lang='grc' dir='ltr'><strong>ῶς</strong></span> <span class='ocrx_word' id='word_1_45' title='bbox 410 959 448 1024; x_wconf 83' lang='grc' dir='ltr'><strong>ἂν</strong></span> <span class='ocrx_word' id='word_1_46' title='bbox 472 967 673 1047; x_wconf 81' lang='grc' dir='ltr'><strong>κατέχωνται</strong></span> <span class='ocrx_word' id='word_1_47' title='bbox 696 966 781 1047; x_wconf 79' lang='grc' dir='ltr'><strong>παρὰ</strong></span> <span class='ocrx_word' id='word_1_48' title='bbox 806 973 861 1047; x_wconf 81' lang='grc' dir='ltr'><strong>τῆς</strong></span> <span class='ocrx_word' id='word_1_49' title='bbox 885 971 984 1048; x_wconf 81' lang='grc' dir='ltr'><strong>μονῆς</strong></span> <span class='ocrx_word' id='word_1_50' title='bbox 1008 961 1052 1035; x_wconf 78' lang='grc' dir='ltr'><strong>εἰς</strong></span> <span class='ocrx_word' id='word_1_51' title='bbox 1077 963 1148 1036; x_wconf 91' lang='grc' dir='ltr'><strong>τούς</strong></span> <span class='ocrx_word' id='word_1_52' title='bbox 1173 961 1245 1050; x_wconf 75' lang='grc' dir='ltr'><strong>ἑξῆς</strong></span> <span class='ocrx_word' id='word_1_53' title='bbox 1269 960 1370 1027; x_wconf 85' lang='grc' dir='ltr'><strong>ἅπαν-</strong></span> 
     </span>
     <span class='ocr_line' id='line_1_7' title="bbox 82 1081 1366 1172; baseline 0.003 -26"><span class='ocrx_word' id='word_1_54' title='bbox 82 1105 140 1156; x_wconf 85' lang='grc' dir='ltr'><strong>τας</strong></span> <span class='ocrx_word' id='word_1_55' title='bbox 171 1087 231 1147; x_wconf 87' lang='grc' dir='ltr'><strong>καί</strong></span> <span class='ocrx_word' id='word_1_56' title='bbox 261 1085 419 1170; x_wconf 79' lang='grc' dir='ltr'><strong>διηνεκεῖς</strong></span> <span class='ocrx_word' id='word_1_57' title='bbox 444 1087 590 1170; x_wconf 84' lang='grc' dir='ltr'><strong>χρόνους,</strong></span> <span class='ocrx_word' id='word_1_58' title='bbox 621 1083 731 1150; x_wconf 86' lang='grc' dir='ltr'><strong>ἄδειαν</strong></span> <span class='ocrx_word' id='word_1_59' title='bbox 762 1084 849 1171; x_wconf 83' lang='grc' dir='ltr'><strong>ἔχειν</strong></span> <span class='ocrx_word' id='word_1_60' title='bbox 875 1082 921 1148; x_wconf 77' lang='grc' dir='ltr'><strong>ἐπ’</strong></span> <span class='ocrx_word' id='word_1_61' title='bbox 947 1081 1027 1148; x_wconf 86' lang='grc' dir='ltr'><strong>αύτὰ</strong></span> <span class='ocrx_word' id='word_1_62' title='bbox 1054 1086 1183 1163; x_wconf 86' lang='grc' dir='ltr'><strong>πωλεῖν,</strong></span> <span class='ocrx_word' id='word_1_63' title='bbox 1211 1089 1366 1172; x_wconf 75' lang='grc' dir='ltr'><strong>χωρίζειν,</strong></span> 
     </span>
     <span class='ocr_line' id='line_1_8' title="bbox 83 1203 1368 1294; baseline 0.002 -24"><span class='ocrx_word' id='word_1_64' title='bbox 83 1204 302 1270; x_wconf 79' lang='grc' dir='ltr'><strong>ἀναλλοίττειν</strong></span> <span class='ocrx_word' id='word_1_65' title='bbox 318 1209 376 1270; x_wconf 83' lang='grc' dir='ltr'><strong>καί</strong></span> <span class='ocrx_word' id='word_1_66' title='bbox 392 1203 508 1285; x_wconf 80' lang='grc' dir='ltr'><strong>ἄλλως,</strong></span> <span class='ocrx_word' id='word_1_67' title='bbox 534 1203 577 1280; x_wconf 84' lang='grc' dir='ltr'><strong>ῶς</strong></span> <span class='ocrx_word' id='word_1_68' title='bbox 599 1207 682 1282; x_wconf 72' lang='grc' dir='ltr'><strong>δόξει</strong></span> <span class='ocrx_word' id='word_1_69' title='bbox 703 1219 741 1292; x_wconf 71' lang='grc' dir='ltr'><strong>τῇ</strong></span> <span class='ocrx_word' id='word_1_70' title='bbox 759 1207 859 1294; x_wconf 67' lang='grc' dir='ltr'><strong>βουλῇ</strong></span> <span class='ocrx_word' id='word_1_71' title='bbox 884 1212 938 1270; x_wconf 88' lang='grc' dir='ltr'><strong>καί</strong></span> <span class='ocrx_word' id='word_1_72' title='bbox 955 1207 1090 1293; x_wconf 76' lang='grc' dir='ltr'><strong>θελήσει</strong></span> <span class='ocrx_word' id='word_1_73' title='bbox 1114 1209 1241 1294; x_wconf 78' lang='grc' dir='ltr'><strong>ταύτης.</strong></span> <span class='ocrx_word' id='word_1_74' title='bbox 1264 1211 1368 1272; x_wconf 75' lang='grc' dir='ltr'><strong>πάντα</strong></span> 
     </span>
     <span class='ocr_line' id='line_1_9' title="bbox 82 1329 1367 1418; baseline 0.002 -27"><span class='ocrx_word' id='word_1_75' title='bbox 82 1333 199 1413; x_wconf 84' lang='grc' dir='ltr'><strong>μέντοι</strong></span> <span class='ocrx_word' id='word_1_76' title='bbox 227 1333 268 1393; x_wconf 81' lang='grc' dir='ltr'><strong>τὰ</strong></span> <span class='ocrx_word' id='word_1_77' title='bbox 297 1329 567 1418; x_wconf 73' lang='grc' dir='ltr'><strong>ἀναγεγραμμένα</strong></span> <span class='ocrx_word' id='word_1_78' title='bbox 603 1336 699 1416; x_wconf 87' lang='grc' dir='ltr'><strong>μέσον</strong></span> <span class='ocrx_word' id='word_1_79' title='bbox 729 1329 817 1418; x_wconf 79' lang='grc' dir='ltr'><strong>ἡμῶν</strong></span> <span class='ocrx_word' id='word_1_80' title='bbox 851 1341 1006 1418; x_wconf 85' lang='grc' dir='ltr'><strong>συμψωνῶ</strong></span> <span class='ocrx_word' id='word_1_81' title='bbox 1032 1335 1089 1396; x_wconf 85' lang='grc' dir='ltr'><strong>καί</strong></span> <span class='ocrx_word' id='word_1_82' title='bbox 1124 1329 1272 1416; x_wconf 78' lang='grc' dir='ltr'><strong>ὁμολογῶ</strong></span> <span class='ocrx_word' id='word_1_83' title='bbox 1304 1329 1367 1410; x_wconf 79' lang='grc' dir='ltr'><strong>ἐγὼ</strong></span> 
     </span>
     <span class='ocr_line' id='line_1_10' title="bbox 80 1451 1369 1541; baseline -0.002 -23"><span class='ocrx_word' id='word_1_84' title='bbox 80 1453 251 1539; x_wconf 86' lang='grc' dir='ltr'><strong>Γεῶργιος</strong></span> <span class='ocrx_word' id='word_1_85' title='bbox 278 1451 295 1519; x_wconf 85' lang='grc' dir='ltr'>ὁ</span> <span class='ocrx_word' id='word_1_86' title='bbox 325 1453 498 1541; x_wconf 73' lang='grc' dir='ltr'><strong>Πετρίτζης</strong></span> <span class='ocrx_word' id='word_1_87' title='bbox 533 1465 587 1519; x_wconf 86' lang='grc' dir='ltr'><strong>τού</strong></span> <span class='ocrx_word' id='word_1_88' title='bbox 616 1455 790 1520; x_wconf 85' lang='grc' dir='ltr'><strong>ἀποπαύειν</strong></span> <span class='ocrx_word' id='word_1_89' title='bbox 819 1451 901 1540; x_wconf 87' lang='grc' dir='ltr'><strong>ύμσῖς</strong></span> <span class='ocrx_word' id='word_1_90' title='bbox 930 1451 993 1519; x_wconf 82' lang='grc' dir='ltr'><strong>ἀπό</strong></span> <span class='ocrx_word' id='word_1_91' title='bbox 1021 1457 1138 1527; x_wconf 80' lang='grc' dir='ltr'><strong>παντὸς</strong></span> <span class='ocrx_word' id='word_1_92' title='bbox 1166 1463 1220 1518; x_wconf 81' lang='grc' dir='ltr'><strong>τοῦ</strong></span> <span class='ocrx_word' id='word_1_93' title='bbox 1256 1456 1369 1539; x_wconf 81' lang='grc' dir='ltr'><strong>μέρους</strong></span> 
     </span>
     <span class='ocr_line' id='line_1_11' title="bbox 80 1556 1370 1666; baseline -0.002 -25"><span class='ocrx_word' id='word_1_94' title='bbox 80 1574 178 1662; x_wconf 75' lang='grc' dir='ltr'><strong>ἡμῶν</strong></span> <span class='ocrx_word' id='word_1_95' title='bbox 204 1583 263 1643; x_wconf 83' lang='grc' dir='ltr'><strong>καί</strong></span> <span class='ocrx_word' id='word_1_96' title='bbox 284 1582 457 1663; x_wconf 76' lang='grc' dir='ltr'><strong>προσώπου</strong></span> <span class='ocrx_word' id='word_1_97' title='bbox 489 1589 676 1659; x_wconf 79' lang='grc' dir='ltr'><strong>συγγενικοῦ</strong></span> <span class='ocrx_word' id='word_1_98' title='bbox 701 1583 756 1642; x_wconf 88' lang='grc' dir='ltr'><strong>καί</strong></span> <span class='ocrx_word' id='word_1_99' title='bbox 781 1577 950 1666; x_wconf 84' lang='grc' dir='ltr'><strong>ἀλλοτρίου</strong></span> <span class='ocrx_word' id='word_1_100' title='bbox 973 1556 1167 1664; x_wconf 83' lang='grc' dir='ltr'><strong>πειρωμένου</strong></span> <span class='ocrx_word' id='word_1_101' title='bbox 1191 1578 1370 1664; x_wconf 89' lang='grc' dir='ltr'><strong>διενοχλεῖν</strong></span> 
     </span>
     <span class='ocr_line' id='line_1_12' title="bbox 81 1697 1369 1787; baseline 0 -23"><span class='ocrx_word' id='word_1_102' title='bbox 81 1697 171 1785; x_wconf 77' lang='grc' dir='ltr'><strong>ὑμᾶς</strong></span> <span class='ocrx_word' id='word_1_103' title='bbox 197 1699 218 1786; x_wconf 72' lang='grc' dir='ltr'><strong>ἢ</strong></span> <span class='ocrx_word' id='word_1_104' title='bbox 244 1699 352 1786; x_wconf 75' lang='grc' dir='ltr'><strong>ἕτερόν</strong></span> <span class='ocrx_word' id='word_1_105' title='bbox 369 1723 399 1764; x_wconf 91' lang='grc' dir='ltr'><strong>τι</strong></span> <span class='ocrx_word' id='word_1_106' title='bbox 421 1701 592 1787; x_wconf 87' lang='grc' dir='ltr'><strong>πρόβλημα</strong></span> <span class='ocrx_word' id='word_1_107' title='bbox 615 1699 785 1780; x_wconf 79' lang='grc' dir='ltr'><strong>ἐπαγαγεῖν</strong></span> <span class='ocrx_word' id='word_1_108' title='bbox 811 1697 879 1786; x_wconf 87' lang='grc' dir='ltr'><strong>ύμῖν</strong></span> <span class='ocrx_word' id='word_1_109' title='bbox 902 1700 1011 1766; x_wconf 75' lang='grc' dir='ltr'><strong>ένεκεν</strong></span> <span class='ocrx_word' id='word_1_110' title='bbox 1028 1711 1088 1764; x_wconf 89' lang='grc' dir='ltr'><strong>τῶν</strong></span> <span class='ocrx_word' id='word_1_111' title='bbox 1112 1703 1271 1782; x_wconf 89' lang='grc' dir='ltr'><strong>τοιούτων,</strong></span> <span class='ocrx_word' id='word_1_112' title='bbox 1297 1698 1369 1764; x_wconf 77' lang='grc' dir='ltr'><strong>ἀλλ’</strong></span> 
     </span>
     <span class='ocr_line' id='line_1_13' title="bbox 81 1821 1370 1911; baseline -0.002 -22"><span class='ocrx_word' id='word_1_113' title='bbox 81 1823 242 1910; x_wconf 75' lang='grc' dir='ltr'><strong>ὁμολογῶ</strong></span> <span class='ocrx_word' id='word_1_114' title='bbox 271 1833 326 1888; x_wconf 82' lang='grc' dir='ltr'><strong>τού</strong></span> <span class='ocrx_word' id='word_1_115' title='bbox 354 1827 515 1910; x_wconf 80' lang='grc' dir='ltr'><strong>διατηρεῖν</strong></span> <span class='ocrx_word' id='word_1_116' title='bbox 539 1821 622 1910; x_wconf 88' lang='grc' dir='ltr'><strong>ύμᾶς</strong></span> <span class='ocrx_word' id='word_1_117' title='bbox 647 1823 882 1911; x_wconf 77' lang='grc' dir='ltr'><strong>ἀνενοχλήτους</strong></span> <span class='ocrx_word' id='word_1_118' title='bbox 906 1829 962 1889; x_wconf 85' lang='grc' dir='ltr'><strong>καί</strong></span> <span class='ocrx_word' id='word_1_119' title='bbox 987 1822 1153 1909; x_wconf 71' lang='grc' dir='ltr'><strong>ἀζημίους·</strong></span> <span class='ocrx_word' id='word_1_120' title='bbox 1184 1821 1239 1887; x_wconf 77' lang='grc' dir='ltr'><strong>ἐὰν</strong></span> <span class='ocrx_word' id='word_1_121' title='bbox 1263 1825 1299 1886; x_wconf 89' lang='grc' dir='ltr'><strong>δέ</strong></span> <span class='ocrx_word' id='word_1_122' title='bbox 1323 1846 1370 1896; x_wconf 93' lang='grc' dir='ltr'><strong>τις</strong></span> 
     </span>
     <span class='ocr_line' id='line_1_14' title="bbox 82 1942 1370 2035; baseline 0 -25"><span class='ocrx_word' id='word_1_123' title='bbox 82 1946 115 2023; x_wconf 73' lang='grc' dir='ltr'><strong>ἐξ</strong></span> <span class='ocrx_word' id='word_1_124' title='bbox 138 1943 238 2034; x_wconf 76' lang='grc' dir='ltr'><strong>ἡμῶν</strong></span> <span class='ocrx_word' id='word_1_125' title='bbox 256 1949 407 2034; x_wconf 63' lang='grc' dir='ltr'><strong>βουληδψ</strong></span> <span class='ocrx_word' id='word_1_126' title='bbox 432 1946 606 2034; x_wconf 85' lang='grc' dir='ltr'><strong>ἀνατρέψαι</strong></span> <span class='ocrx_word' id='word_1_127' title='bbox 630 1952 669 2012; x_wconf 86' lang='grc' dir='ltr'><strong>τὰ</strong></span> <span class='ocrx_word' id='word_1_128' title='bbox 686 1949 794 2020; x_wconf 89' lang='grc' dir='ltr'><strong>καλῶς</strong></span> <span class='ocrx_word' id='word_1_129' title='bbox 817 1952 874 2012; x_wconf 83' lang='grc' dir='ltr'><strong>καί</strong></span> <span class='ocrx_word' id='word_1_130' title='bbox 898 1957 1040 2035; x_wconf 79' lang='grc' dir='ltr'><strong>φανερῶς</strong></span> <span class='ocrx_word' id='word_1_131' title='bbox 1063 1952 1136 2033; x_wconf 88' lang='grc' dir='ltr'><strong>παρ’</strong></span> <span class='ocrx_word' id='word_1_132' title='bbox 1152 1942 1241 2032; x_wconf 79' lang='grc' dir='ltr'><strong>ἡμῶν</strong></span> <span class='ocrx_word' id='word_1_133' title='bbox 1265 1944 1370 2032; x_wconf 80' lang='grc' dir='ltr'><strong>ἀπεμ-</strong></span> 
     </span>
     <span class='ocr_line' id='line_1_15' title="bbox 81 2067 1367 2159; baseline 0.002 -25"><span class='ocrx_word' id='word_1_134' title='bbox 81 2072 289 2157; x_wconf 77' lang='grc' dir='ltr'><strong>ποληθέντα,</strong></span> <span class='ocrx_word' id='word_1_135' title='bbox 315 2067 352 2134; x_wconf 92' lang='grc' dir='ltr'><strong>ού</strong></span> <span class='ocrx_word' id='word_1_136' title='bbox 375 2073 469 2156; x_wconf 89' lang='grc' dir='ltr'><strong>μόνον</strong></span> <span class='ocrx_word' id='word_1_137' title='bbox 494 2068 530 2136; x_wconf 89' lang='grc' dir='ltr'><strong>ού</strong></span> <span class='ocrx_word' id='word_1_138' title='bbox 555 2072 597 2158; x_wconf 76' lang='grc' dir='ltr'><strong>μη</strong></span> <span class='ocrx_word' id='word_1_139' title='bbox 619 2070 870 2156; x_wconf 79' lang='grc' dir='ltr'><strong>εὶσακουόμεδα,</strong></span> <span class='ocrx_word' id='word_1_140' title='bbox 897 2069 943 2159; x_wconf 71' lang='grc' dir='ltr'><strong>ἂρ’</strong></span> <span class='ocrx_word' id='word_1_141' title='bbox 968 2068 1015 2144; x_wconf 87' lang='grc' dir='ltr'><strong>οίς</strong></span> <span class='ocrx_word' id='word_1_142' title='bbox 1040 2069 1077 2135; x_wconf 81' lang='grc' dir='ltr'><strong>ἂν</strong></span> <span class='ocrx_word' id='word_1_143' title='bbox 1102 2069 1228 2158; x_wconf 76' lang='grc' dir='ltr'><strong>ἔχωμεν</strong></span> <span class='ocrx_word' id='word_1_144' title='bbox 1252 2071 1367 2150; x_wconf 88' lang='grc' dir='ltr'><strong>λέγειν,</strong></span> 
     </span>
     <span class='ocr_line' id='line_1_16' title="bbox 82 2191 1368 2281; baseline 0.002 -23"><span class='ocrx_word' id='word_1_145' title='bbox 82 2192 174 2258; x_wconf 79' lang='grc' dir='ltr'><strong>ἀλλὰ</strong></span> <span class='ocrx_word' id='word_1_146' title='bbox 199 2197 258 2258; x_wconf 83' lang='grc' dir='ltr'><strong>καί</strong></span> <span class='ocrx_word' id='word_1_147' title='bbox 282 2198 339 2266; x_wconf 84' lang='grc' dir='ltr'><strong>τὰς</strong></span> <span class='ocrx_word' id='word_1_148' title='bbox 362 2194 444 2279; x_wconf 73' lang='grc' dir='ltr'><strong>ἀρὰς</strong></span> <span class='ocrx_word' id='word_1_149' title='bbox 467 2191 579 2280; x_wconf 73' lang='grc' dir='ltr'><strong>ἕξομεν</strong></span> <span class='ocrx_word' id='word_1_150' title='bbox 604 2205 663 2258; x_wconf 90' lang='grc' dir='ltr'><strong>τῶν</strong></span> <span class='ocrx_word' id='word_1_151' title='bbox 687 2199 879 2279; x_wconf 76' lang='grc' dir='ltr'><strong>τριακοσίων</strong></span> <span class='ocrx_word' id='word_1_152' title='bbox 903 2196 985 2260; x_wconf 89' lang='grc' dir='ltr'><strong>δέκα</strong></span> <span class='ocrx_word' id='word_1_153' title='bbox 1013 2197 1069 2258; x_wconf 87' lang='grc' dir='ltr'><strong>καὶ</strong></span> <span class='ocrx_word' id='word_1_154' title='bbox 1093 2191 1178 2264; x_wconf 80' lang='grc' dir='ltr'><strong>ύκτῶ</strong></span> <span class='ocrx_word' id='word_1_155' title='bbox 1201 2196 1368 2281; x_wconf 81' lang='grc' dir='ltr'><strong>θεορόμων</strong></span> 
     </span>
     <span class='ocr_line' id='line_1_17' title="bbox 80 2313 1368 2404; baseline 0 -22"><span class='ocrx_word' id='word_1_156' title='bbox 80 2315 236 2402; x_wconf 72' lang='grc' dir='ltr'><strong>πατέρων</strong></span> <span class='ocrx_word' id='word_1_157' title='bbox 263 2322 322 2382; x_wconf 85' lang='grc' dir='ltr'><strong>καί</strong></span> <span class='ocrx_word' id='word_1_158' title='bbox 350 2321 451 2404; x_wconf 75' lang='grc' dir='ltr'><strong>ζημία</strong></span> <span class='ocrx_word' id='word_1_159' title='bbox 477 2313 720 2403; x_wconf 84' lang='grc' dir='ltr'><strong>ύποκεισόμεθα</strong></span> <span class='ocrx_word' id='word_1_160' title='bbox 748 2314 907 2403; x_wconf 85' lang='grc' dir='ltr'><strong>ύτέρπυρα</strong></span> <span class='ocrx_word' id='word_1_161' title='bbox 930 2321 1039 2402; x_wconf 85' lang='grc' dir='ltr'><strong>λίτρας</strong></span> <span class='ocrx_word' id='word_1_162' title='bbox 1062 2317 1119 2381; x_wconf 91' lang='grc' dir='ltr'><strong>δύο</strong></span> <span class='ocrx_word' id='word_1_163' title='bbox 1143 2321 1200 2382; x_wconf 89' lang='grc' dir='ltr'><strong>καί</strong></span> <span class='ocrx_word' id='word_1_164' title='bbox 1223 2318 1259 2381; x_wconf 83' lang='grc' dir='ltr'><strong>τό</strong></span> <span class='ocrx_word' id='word_1_165' title='bbox 1281 2321 1368 2382; x_wconf 82' lang='grc' dir='ltr'><strong>κατὰ</strong></span> 
     </span>
     <span class='ocr_line' id='line_1_18' title="bbox 82 2437 1365 2527; baseline 0 -23"><span class='ocrx_word' id='word_1_166' title='bbox 82 2446 207 2527; x_wconf 87' lang='grc' dir='ltr'><strong>νόμους</strong></span> <span class='ocrx_word' id='word_1_167' title='bbox 232 2440 279 2514; x_wconf 79' lang='grc' dir='ltr'><strong>εὶς</strong></span> <span class='ocrx_word' id='word_1_168' title='bbox 300 2443 353 2505; x_wconf 89' lang='grc' dir='ltr'><strong>τόν</strong></span> <span class='ocrx_word' id='word_1_169' title='bbox 377 2440 542 2526; x_wconf 86' lang='grc' dir='ltr'><strong>δημόσιον,</strong></span> <span class='ocrx_word' id='word_1_170' title='bbox 569 2442 611 2526; x_wconf 80' lang='grc' dir='ltr'><strong>μὴ</strong></span> <span class='ocrx_word' id='word_1_171' title='bbox 636 2439 680 2514; x_wconf 79' lang='grc' dir='ltr'><strong>εἷς</strong></span> <span class='ocrx_word' id='word_1_172' title='bbox 704 2459 772 2504; x_wconf 90' lang='grc' dir='ltr'><strong>τινα</strong></span> <span class='ocrx_word' id='word_1_173' title='bbox 788 2441 922 2526; x_wconf 82' lang='grc' dir='ltr'><strong>νομικὴν</strong></span> <span class='ocrx_word' id='word_1_174' title='bbox 945 2438 965 2527; x_wconf 77' lang='grc' dir='ltr'>ἢ</span> <span class='ocrx_word' id='word_1_175' title='bbox 990 2437 1184 2526; x_wconf 76' lang='grc' dir='ltr'><strong>ἀρχοντικὴν</strong></span> <span class='ocrx_word' id='word_1_176' title='bbox 1208 2439 1365 2527; x_wconf 76' lang='grc' dir='ltr'><strong>βοήθειαν</strong></span> 
     </span>
     <span class='ocr_line' id='line_1_19' title="bbox 1 2561 1363 2653; baseline -0.003 -21"><span class='ocrx_word' id='word_1_177' title='bbox 1 2565 2 2576; x_wconf 73' lang='grc'>’</span> <span class='ocrx_word' id='word_1_178' title='bbox 82 2568 351 2653; x_wconf 80' lang='grc' dir='ltr'><strong>καταφεύγοντες</strong></span> <span class='ocrx_word' id='word_1_179' title='bbox 376 2563 505 2630; x_wconf 86' lang='grc' dir='ltr'><strong>ένῶπιον</strong></span> <span class='ocrx_word' id='word_1_180' title='bbox 540 2569 595 2628; x_wconf 87' lang='grc' dir='ltr'><strong>καί</strong></span> <span class='ocrx_word' id='word_1_181' title='bbox 630 2576 690 2630; x_wconf 88' lang='grc' dir='ltr'><strong>τῶν</strong></span> <span class='ocrx_word' id='word_1_182' title='bbox 725 2567 874 2630; x_wconf 81' lang='grc' dir='ltr'><strong>κάτωθεν</strong></span> <span class='ocrx_word' id='word_1_183' title='bbox 910 2561 1158 2650; x_wconf 88' lang='grc' dir='ltr'><strong>ύπογραψοίντων</strong></span> <span class='ocrx_word' id='word_1_184' title='bbox 1186 2563 1363 2650; x_wconf 83' lang='grc' dir='ltr'><strong>μαρτύρων.</strong></span> 
     </span>
    </p>
   </div>
   <div class='ocr_carea' id='block_1_3' title="bbox 1 2685 1026 2777">
    <p class='ocr_par' dir='ltr' id='par_1_3' title="bbox 1 2685 1026 2777">
     <span class='ocr_line' id='line_1_20' title="bbox 1 2685 1026 2777; baseline -0.001 -23"><span class='ocrx_word' id='word_1_185' title='bbox 1 2763 2 2770; x_wconf 20' lang='grc' dir='ltr'><strong>γ</strong></span> <span class='ocrx_word' id='word_1_186' title='bbox 83 2685 1026 2777; x_wconf 48' lang='grc' dir='ltr'><strong>μηνίόκτωβρίῳίνδ.ιβ’έτουςβψῑγβᾟ.</strong></span> 
     </span>
    </p>
   </div>
   <div class='ocr_carea' id='block_1_4' title="bbox 161 2853 1278 2962">
    <p class='ocr_par' dir='ltr' id='par_1_4' title="bbox 161 2853 1278 2962">
     <span class='ocr_line' id='line_1_21' title="bbox 161 2853 1278 2962; baseline -0.004 -31"><span class='ocrx_word' id='word_1_187' title='bbox 161 2855 455 2962; x_wconf 70' lang='grc' dir='ltr'><strong>Σίγνσνψμάρτυρυς</strong></span> <span class='ocrx_word' id='word_1_188' title='bbox 545 2861 899 2962; x_wconf 81' lang='grc' dir='ltr'><strong>ΣίγνονΙμοίρτυροςτοῶ</strong></span> <span class='ocrx_word' id='word_1_189' title='bbox 990 2853 1278 2960; x_wconf 71' lang='grc' dir='ltr'><strong>Σίγνονψμοίρτυρος</strong></span> 
     </span>
    </p>
   </div>
   <div class='ocr_carea' id='block_1_5' title="bbox 1 2957 1368 3240">
    <p class='ocr_par' dir='ltr' id='par_1_5' title="bbox 1 2957 1368 3240">
     <span class='ocr_line' id='line_1_22' title="bbox 1 2957 1368 3084; baseline -0.004 -26"><span class='ocrx_word' id='word_1_190' title='bbox 1 3029 2 3070; x_wconf 68' lang='lat'>3</span> <span class='ocrx_word' id='word_1_191' title='bbox 88 2987 433 3084; x_wconf 72' lang='grc' dir='ltr'><strong>,λέοντοςτοψῶΤζου-</strong></span> <span class='ocrx_word' id='word_1_192' title='bbox 680 2987 848 3074; x_wconf 86' lang='grc' dir='ltr'><strong>Κομνηνοῶ</strong></span> <span class='ocrx_word' id='word_1_193' title='bbox 916 2957 1368 3073; x_wconf 63' lang='grc' dir='ltr'><em>Μ</em></span> 
     </span>
     <span class='ocr_line' id='line_1_23' title="bbox 288 3076 1214 3240; baseline -0.003 -98"><span class='ocrx_word' id='word_1_194' title='bbox 288 3078 458 3174; x_wconf 78' lang='grc' dir='ltr'><strong>ψρουλλοῶ.</strong></span> <span class='ocrx_word' id='word_1_195' title='bbox 487 3077 837 3240; x_wconf 59' lang='grc' dir='ltr'><strong>τούΚανΙρμμρμείηνυῶ</strong></span> <span class='ocrx_word' id='word_1_196' title='bbox 901 3085 902 3090; x_wconf 77' lang='grc'>’</span> <span class='ocrx_word' id='word_1_197' title='bbox 1146 3076 1214 3140; x_wconf 88' lang='grc' dir='ltr'><strong>λυύ.</strong></span> 
     </span>
    </p>
   </div>
   <div class='ocr_carea' id='block_1_6' title="bbox 1 3328 1372 4311">
    <p class='ocr_par' dir='ltr' id='par_1_6' title="bbox 1 3328 1372 4311">
     <span class='ocr_line' id='line_1_24' title="bbox 196 3328 1127 3436; baseline -0.005 -29"><span class='ocrx_word' id='word_1_198' title='bbox 196 3331 469 3436; x_wconf 66' lang='grc' dir='ltr'><strong>Σίγονψμοίρτυρος</strong></span> <span class='ocrx_word' id='word_1_199' title='bbox 839 3328 1127 3436; x_wconf 70' lang='grc' dir='ltr'><strong>Σίγνονψμοίρτυρος</strong></span> 
     </span>
     <span class='ocr_line' id='line_1_25' title="bbox 139 3461 1024 3561; baseline -0.009 -27"><span class='ocrx_word' id='word_1_200' title='bbox 139 3461 326 3561; x_wconf 74' lang='grc' dir='ltr'><strong>Θεοδῶρυψυ</strong></span> <span class='ocrx_word' id='word_1_201' title='bbox 343 3475 399 3529; x_wconf 82' lang='grc' dir='ltr'><strong>τοῦ</strong></span> <span class='ocrx_word' id='word_1_202' title='bbox 415 3463 623 3551; x_wconf 86' lang='grc' dir='ltr'><strong>Μονομσίχου.</strong></span> <span class='ocrx_word' id='word_1_203' title='bbox 814 3467 949 3548; x_wconf 90' lang='grc' dir='ltr'><strong>στρατιῶ</strong></span> <span class='ocrx_word' id='word_1_204' title='bbox 970 3485 1024 3526; x_wconf 85' lang='grc' dir='ltr'><strong>του</strong></span> 
     </span>
     <span class='ocr_line' id='line_1_26' title="bbox 720 3549 1354 3638; baseline 0 -22"><span class='ocrx_word' id='word_1_205' title='bbox 720 3561 817 3638; x_wconf 85' lang='grc' dir='ltr'><strong>κυροῶ</strong></span> <span class='ocrx_word' id='word_1_206' title='bbox 841 3552 950 3638; x_wconf 83' lang='grc' dir='ltr'><strong>Νικηρ</strong></span> <span class='ocrx_word' id='word_1_207' title='bbox 970 3556 1045 3638; x_wconf 91' lang='grc' dir='ltr'><strong>όρυυ</strong></span> <span class='ocrx_word' id='word_1_208' title='bbox 1069 3559 1124 3616; x_wconf 87' lang='grc' dir='ltr'><strong>τού</strong></span> <span class='ocrx_word' id='word_1_209' title='bbox 1146 3549 1277 3637; x_wconf 90' lang='grc' dir='ltr'><strong>Φαρίσσ</strong></span> <span class='ocrx_word' id='word_1_210' title='bbox 1296 3599 1302 3615; x_wconf 92' lang='grc'>.</span> <span class='ocrx_word' id='word_1_211' title='bbox 1321 3597 1354 3616; x_wconf 90' lang='grc'><strong>..</strong></span> 
     </span>
     <span class='ocr_line' id='line_1_27' title="bbox 173 3723 1371 3816; baseline -0.007 -20"><span class='ocrx_word' id='word_1_212' title='bbox 173 3723 1371 3816; x_wconf 64' lang='grc' dir='ltr'><strong>’γὈπριμμικήριυςτῶνταβουλλαρίωντῆςύγιω-</strong></span> 
     </span>
     <span class='ocr_line' id='line_1_28' title="bbox 1 3845 1372 3941; baseline -0.005 -22"><span class='ocrx_word' id='word_1_213' title='bbox 1 3921 2 3926; x_wconf 63' lang='grc'>,</span> <span class='ocrx_word' id='word_1_214' title='bbox 97 3860 237 3941; x_wconf 76' lang='grc' dir='ltr'><strong>τάτης</strong></span> <span class='ocrx_word' id='word_1_215' title='bbox 280 3852 618 3939; x_wconf 83' lang='grc' dir='ltr'><strong>μητροπόλεως</strong></span> <span class='ocrx_word' id='word_1_216' title='bbox 663 3850 871 3936; x_wconf 88' lang='grc' dir='ltr'><strong>Σμύρνης</strong></span> <span class='ocrx_word' id='word_1_217' title='bbox 909 3853 989 3914; x_wconf 89' lang='grc' dir='ltr'><strong>καί</strong></span> <span class='ocrx_word' id='word_1_218' title='bbox 1028 3847 1220 3934; x_wconf 82' lang='grc' dir='ltr'><strong>ένορίας</strong></span> <span class='ocrx_word' id='word_1_219' title='bbox 1259 3845 1372 3912; x_wconf 88' lang='grc' dir='ltr'><strong>Μαν-</strong></span> 
     </span>
     <span class='ocr_line' id='line_1_29' title="bbox 1 3969 1372 4061; baseline -0.007 -18"><span class='ocrx_word' id='word_1_220' title='bbox 1 4001 2 4050; x_wconf 70' lang='grc'><strong>;</strong></span> <span class='ocrx_word' id='word_1_221' title='bbox 98 3975 240 4052; x_wconf 85' lang='grc' dir='ltr'><strong>ταίας,</strong></span> <span class='ocrx_word' id='word_1_222' title='bbox 275 3975 518 4048; x_wconf 88' lang='grc' dir='ltr'><strong>Νικόλαος</strong></span> <span class='ocrx_word' id='word_1_223' title='bbox 553 3973 570 4040; x_wconf 85' lang='grc' dir='ltr'><strong>δ</strong></span> <span class='ocrx_word' id='word_1_224' title='bbox 606 3973 1006 4061; x_wconf 86' lang='grc' dir='ltr'><strong>Φιλυκυνηγίτης,</strong></span> <span class='ocrx_word' id='word_1_225' title='bbox 1034 3974 1185 4059; x_wconf 84' lang='grc' dir='ltr'><strong>παρὼν</strong></span> <span class='ocrx_word' id='word_1_226' title='bbox 1221 3969 1294 4036; x_wconf 81' lang='grc' dir='ltr'><strong>ἐπὶ</strong></span> <span class='ocrx_word' id='word_1_227' title='bbox 1323 3983 1372 4056; x_wconf 77' lang='grc' dir='ltr'><strong>τη</strong></span> 
     </span>
     <span class='ocr_line' id='line_1_30' title="bbox 97 4095 1372 4188; baseline -0.007 -21"><span class='ocrx_word' id='word_1_228' title='bbox 97 4103 307 4188; x_wconf 84' lang='grc' dir='ltr'><strong>παρούση</strong></span> <span class='ocrx_word' id='word_1_229' title='bbox 338 4101 508 4184; x_wconf 81' lang='grc' dir='ltr'><strong>πράσει</strong></span> <span class='ocrx_word' id='word_1_230' title='bbox 536 4103 613 4163; x_wconf 88' lang='grc' dir='ltr'><strong>καί</strong></span> <span class='ocrx_word' id='word_1_231' title='bbox 642 4095 779 4172; x_wconf 86' lang='grc' dir='ltr'><strong>αύτός</strong></span> <span class='ocrx_word' id='word_1_232' title='bbox 808 4101 886 4162; x_wconf 84' lang='grc' dir='ltr'><strong>καί</strong></span> <span class='ocrx_word' id='word_1_233' title='bbox 916 4107 1157 4184; x_wconf 88' lang='grc' dir='ltr'><strong>μαρτυρῶν</strong></span> <span class='ocrx_word' id='word_1_234' title='bbox 1191 4097 1372 4180; x_wconf 79' lang='grc' dir='ltr'><strong>γράψας</strong></span> 
     </span>
     <span class='ocr_line' id='line_1_31' title="bbox 98 4222 407 4311; baseline -0.01 -22"><span class='ocrx_word' id='word_1_235' title='bbox 98 4222 344 4311; x_wconf 79' lang='grc' dir='ltr'><strong>ὑπέγραψα</strong></span> <span class='ocrx_word' id='word_1_236' title='bbox 378 4227 407 4302; x_wconf 89' lang='lat'><strong>†.</strong></span> 
     </span>
    </p>
   </div>
   <div class='ocr_carea' id='block_1_7' title="bbox 0 0 1602 5284">
    <p class='ocr_par' dir='ltr' id='par_1_7' title="bbox 0 0 1602 5284">
     <span class='ocr_line' id='line_1_32' title="bbox 0 0 1602 5284; baseline 0 0"><span class='ocrx_word' id='word_1_237' title='bbox 0 0 1602 5284; x_wconf 95' lang='lat' dir='ltr'><strong> </strong></span> 
     </span>
    </p>
   </div>
  </div>
 </body>
</html>
