3228 5296
238 270 257 330 ί

238 481 355 534 σαντας
386 457 417 524 ἐν
448 470 486 548 τῆ
516 459 643 548 Σμύρνη
668 469 749 546 τρεῖς
777 456 1008 552 αύταδὲλρονς,
1038 461 1110 536 τούς
1138 461 1254 537 παῖδας
1285 471 1341 550 τῆς
1368 461 1514 550 Μηλούς,

237 583 300 650 ἀπὸ
323 586 429 671 πάσης
452 587 509 650 καί
531 590 683 658 παντοίας
707 582 867 672 ἐπηρείας,
892 583 1076 672 ἀγγαρείας,
1104 590 1354 672 παραγγαριίας,
1381 591 1516 674 ζημίας,

237 713 464 796 ψωμοζημίας,
498 713 763 796 κασεροκτισίας,
798 714 1075 798 κατεργοκτισίας,
1110 720 1212 800 κοπῆς
1239 714 1297 776 καί
1330 711 1516 796 καταβιβα-

238 841 320 919 σμού
345 830 547 920 οἱασδήτινος
571 833 679 920 βολῆς,
704 834 957 914 στοπαξούγγοο,
972 835 1169 930 καννάβιος,
1194 830 1400 920 ύγροπύσσοο,
1424 835 1513 900 καύ-

240 979 321 1030 σεως
344 957 544 1042 καρβωνίων,
574 960 707 1044 μιτάτοο
733 958 945 1032 καταύέσιως
972 961 1030 1023 καί
1057 955 1237 1046 σίπλῆκτοο,
1272 958 1426 1046 ύοοκικῆς
1453 961 1516 1022 καί

238 1089 489 1166 κατεπανικικῆς
513 1085 638 1168 χρείας,
669 1078 825 1168 ἔννομίοο,
851 1079 955 1169 ἀόρος,
980 1078 1158 1158 ἐξελάσεως
1180 1079 1329 1169 πλοΐμων
1352 1085 1409 1148 καί
1432 1101 1515 1148 κον-

235 1209 394 1291 ταράτων,
433 1201 634 1292 ἀπαιτήσεως
667 1207 854 1284 σονδοσιύν,
894 1207 1016 1280 δόσεως
1053 1185 1235 1292 προβάτων,
1272 1207 1517 1293 ζιογοαμαξίων

237 1327 428 1406 ἐξελάσεως,
457 1327 532 1394 ἄνευ
560 1332 663 1416 μόνων
702 1339 763 1394 τῶν
791 1328 834 1416 τῷ
861 1330 1007 1418 δημοσίῳ
1037 1327 1219 1418 ἀνηκόντων
1243 1330 1300 1396 δύο
1325 1331 1516 1419 κεφαλαίων

235 1462 292 1540 τῆς
316 1450 446 1540 ἀγάπης
469 1455 525 1517 καί
548 1461 604 1540 τῆς
628 1457 806 1539 σιταρκίας,
830 1457 887 1520 καί
908 1456 1015 1541 πάσης
1039 1451 1141 1541 ἄλλης
1167 1451 1409 1542 όπσιασύῆτινος
1432 1451 1515 1542 ἄπη-

235 1581 335 1663 ρείας,
364 1574 426 1642 κᾶν
455 1576 498 1664 μή
530 1571 633 1664 ῥητῶς
668 1572 750 1664 αύτη
779 1577 968 1667 λόειρωνῆθη
996 1575 1028 1642 όν
1058 1576 1101 1664 τῷ
1126 1579 1257 1664 παρόντι
1279 1577 1512 1666 χρόσοβούλλιρ

235 1710 292 1789 τῆς
316 1700 483 1785 βασιλείας
508 1719 578 1786 μου·
603 1701 688 1766 κατὰ
710 1704 771 1787 γὰρ
795 1702 830 1766 τύ
853 1701 1002 1766 καύόλοο
1018 1709 1075 1787 τῆς
1098 1697 1307 1778 ύξκοοσσιίας
1330 1701 1511 1790 κιράλαισν

234 1821 255 1912 ἡ
280 1825 428 1909 βασιλεία
453 1846 513 1912 μον
543 1822 671 1890 εύδοκεί
698 1823 971 1902 ὲξκοοσσεύεσθαι
997 1828 1101 1890 πάντα
1129 1829 1169 1890 τά
1197 1835 1237 1914 τῆ
1265 1826 1396 1912 τοιαύτη
1425 1835 1513 1912 μονῆ

235 1950 441 2039 διαφέροντα,
472 1945 556 2014 ἀλλὰ
584 1949 623 2036 δη
652 1953 709 2014 καί
736 1952 772 2015 τύ
797 1952 913 2038 ταύτης
937 1951 1080 2037 βιβάριον
1110 1945 1174 2016 ἀπό
1195 1971 1229 2016 τι
1257 1949 1511 2036 βιβαροπάκτοο,

234 2076 517 2161 προσκονητικίοο,
547 2070 683 2160 ύψωνίοο
712 2075 769 2138 καὶ
795 2075 911 2140 λοιπῶν
940 2071 1054 2162 ἑτέρων
1083 2075 1261 2162 σονηθιιιόν
1289 2083 1349 2140 τῶν
1374 2069 1513 2161 ύτησίως

236 2195 299 2263 ἁπύ
316 2206 376 2261 τῶν
398 2197 548 2283 βιβαρίων
565 2193 812 2284 ἀπαιτουμένων.
837 2197 891 2262 διὰ
915 2199 977 2286 γὰρ
998 2207 1091 2264 τούτο
1113 2195 1257 2278 ἐγεγόνει
1277 2199 1336 2262 καὶ
1358 2193 1376 2262 ό
1399 2198 1512 2284 παρών

236 2320 475 2408 χροσόβοολλος
498 2320 594 2400 λόγος
618 2328 673 2408 τῆς
697 2322 863 2406 βασιλείας
887 2343 948 2408 μοο
970 2321 1014 2408 τῷ
1037 2325 1124 2407 μίριι
1147 2327 1203 2407 τῆς
1231 2321 1381 2408 τοιαύτης
1407 2329 1514 2410 μονῆς

237 2444 283 2518 τίς
319 2443 496 2530 ἀσφάλειαν
532 2442 754 2523 αἰωνίζοοσαν,
789 2442 1049 2518 ἀπολυθείς
1082 2447 1202 2512 κατὰ
1236 2446 1312 2510 τόν
1347 2441 1513 2526 αύγοο-

238 2589 346 2634 στον
380 2579 501 2657 μῆνα
538 2578 616 2656 τῆς
652 2573 830 2658 πρύτης
868 2569 948 2635 tva.
993 2577 1069 2634 πού
1110 2558 1178 2656 Ιςψ’
1221 2575 1513 2654 τριακοσπού

235 2691 374 2760 ύκτοο
410 2694 557 2771 ἕτοος,
593 2691 637 2758 ἓν
678 2691 703 2782 ᾧ
740 2693 820 2760 καὶ
854 2695 900 2758 τύ
931 2689 1163 2782 ἡμίτομον
1198 2689 1393 2776 τύσεβίς
1429 2694 1514 2758 καί

236 2818 600 2906 θεοπρύβλητον
636 2815 972 2906 ύπεσημῆνατο
1007 2821 1179 2905 κράτος
1212 2819 1243 2898 †.

342 2941 450 3028 Εἶχε
486 2943 548 3006 τό·
584 2937 810 3030 Ἰωάννης,
847 2939 890 3006 ἐν
924 2939 1105 3026 Χριστῷ
1139 2939 1194 3026 τῷ
1226 2939 1318 3026 Θεῷ
1343 2940 1514 3014 πιστός

237 3065 469 3149 βασιλεύς
497 3068 575 3130 καί
603 3060 908 3150 αὐτοκράτωρ
936 3061 1181 3152 Ῥωμαίων,
1206 3061 1223 3132 ό
1251 3063 1431 3138 Δούκας
1457 3059 1514 3128 δι’

236 3187 446 3274 ἐροθρῶν
492 3190 776 3276 γραμμάτων
820 3195 896 3274 τῆς
940 3188 1197 3276 βασιλικῆς
1239 3190 1318 3254 καί
1369 3188 1515 3262 θείας

236 3315 451 3398 χιιρύςγ.

324 3441 443 3498 Ριάιιιιιι
458 3443 546 3499 edidit
561 3442 735 3508 Ζααλανύαο,
753 3443 806 3500 Ιιιι
820 3459 1089 3518 yram-romanum
1105 3441 1170 3502 111.
1187 3439 1257 3502 668.

502 3735 542 3803 11.
559 3735 790 3821 6743-1235,
806 3758 914 3806 mense
929 3737 1049 3818 ιιιοιίὶο,
1067 3735 1132 3803 ind.
1151 3735 1231 3803 VIII.

235 3867 401 3938 Descriptio
418 3871 630 3939 ρστιτιιίοκιινι
649 3873 817 3926 monasterii
836 3873 923 3945 sacta
942 3891 962 3926 α
977 3867 1219 3942 κίταιοριάαναλα
1239 3865 1381 3922 Μύτύοῖίι
1399 3863 1512 3926 Ρύοτα.

235 4017 1512 4111 ΤὉκαόολικύςπιρίοροςτῆςμονῆςόκαὶπαρὰτού

236 4145 661 4234 στρατοπεδάρχσν
695 4155 773 4212 τού
808 4145 947 4214 Φωκα
975 4147 1178 4227 γεγσνύς
1218 4139 1267 4210 δι’
1310 4141 1512 4230 όρισμού

710 4269 967 4356 βασιλικοῦ
1002 4275 1032 4352 †.

323 4429 402 4512 †‘0
430 4434 668 4506 πανοσιύτατος
695 4431 943 4518 καθηγούμενος
978 4438 1034 4518 τῆς
1062 4431 1242 4516 οιβασμίοις
1272 4423 1513 4496 αύτούισπότοο

237 4554 407 4640 βασιλικῆς
431 4563 529 4642 μονῆς
545 4563 601 4640 τῆς
624 4550 801 4640 ύπιράγνοο
820 4553 1024 4641 ύιομῆτορος
1047 4563 1107 4620 των
1122 4551 1271 4640 Λίμβων,
1297 4551 1512 4640 ἱερομόναχος

235 4685 324 4763 κύρις
352 4675 492 4758 Παῦλος,
516 4680 605 4744 θεῖον
629 4681 686 4744 καί
706 4678 872 4764 βασιλικόν
895 4680 1113 4764 προσποιητόν
1137 4675 1269 4764 όρισμύν
1294 4673 1367 4764 ἡμῖν
1391 4674 1509 4765 ἐντρά-
