<?xml version="1.0" encoding="UTF-8"?>
<!DOCTYPE html PUBLIC "-//W3C//DTD XHTML 1.0 Transitional//EN"
    "http://www.w3.org/TR/xhtml1/DTD/xhtml1-transitional.dtd">
<html xmlns="http://www.w3.org/1999/xhtml" xml:lang="en" lang="en">
 <head>
  <title>
</title>
<meta http-equiv="Content-Type" content="text/html;charset=utf-8" />
  <meta name='ocr-system' content='tesseract 3.04.00' />
  <meta name='ocr-capabilities' content='ocr_page ocr_carea ocr_par ocr_line ocrx_word'/>
</head>
<body>
  <div class='ocr_page' id='page_1' title='image "./actaetdiplomata04miklgoog_0061.png"; bbox 0 0 3228 5296; ppageno 0'>
   <div class='ocr_carea' id='block_1_1' title="bbox 269 254 311 316">
    <p class='ocr_par' dir='ltr' id='par_1_1' title="bbox 269 254 311 316">
     <span class='ocr_line' id='line_1_1' title="bbox 269 254 311 316; baseline 0.048 -2"><span class='ocrx_word' id='word_1_1' title='bbox 269 254 311 316; x_wconf 68' lang='lat'><strong>40</strong></span> 
     </span>
    </p>
   </div>
   <div class='ocr_carea' id='block_1_2' title="bbox 269 584 1541 800">
    <p class='ocr_par' dir='ltr' id='par_1_2' title="bbox 269 584 1541 800">
     <span class='ocr_line' id='line_1_2' title="bbox 269 584 1541 675; baseline -0.004 -22"><span class='ocrx_word' id='word_1_2' title='bbox 269 587 305 653; x_wconf 78' lang='lat' dir='ltr'><strong>V.</strong></span> <span class='ocrx_word' id='word_1_3' title='bbox 344 584 632 675; x_wconf 82' lang='grc' dir='ltr'><strong>Πράσεαγμα</strong></span> <span class='ocrx_word' id='word_1_4' title='bbox 671 587 926 675; x_wconf 73' lang='grc' dir='ltr'><strong>ἐπικυροῦν</strong></span> <span class='ocrx_word' id='word_1_5' title='bbox 965 591 1042 675; x_wconf 83' lang='grc' dir='ltr'><strong>την</strong></span> <span class='ocrx_word' id='word_1_6' title='bbox 1081 587 1262 662; x_wconf 82' lang='grc' dir='ltr'><strong>άνωθιν</strong></span> <span class='ocrx_word' id='word_1_7' title='bbox 1306 585 1541 661; x_wconf 50' lang='grc' dir='ltr'><strong>ἀποκαταα</strong></span> 
     </span>
     <span class='ocr_line' id='line_1_3' title="bbox 303 711 1505 800; baseline -0.002 -23"><span class='ocrx_word' id='word_1_8' title='bbox 303 711 1505 800; x_wconf 77' lang='grc' dir='ltr'><strong>στατικηνκρίσιντοῦπροαστείοοτῶνΣφοάρνοο.</strong></span> 
     </span>
    </p>
   </div>
   <div class='ocr_carea' id='block_1_3' title="bbox 267 901 1545 1984">
    <p class='ocr_par' dir='ltr' id='par_1_3' title="bbox 267 901 1545 1984">
     <span class='ocr_line' id='line_1_4' title="bbox 356 901 1539 998; baseline -0.004 -26"><span class='ocrx_word' id='word_1_9' title='bbox 356 911 377 988; x_wconf 94' lang='lat'>†</span> <span class='ocrx_word' id='word_1_10' title='bbox 410 903 561 998; x_wconf 79' lang='grc' dir='ltr'><strong>Ἔφθαστ</strong></span> <span class='ocrx_word' id='word_1_11' title='bbox 591 908 647 992; x_wconf 88' lang='grc' dir='ltr'><strong>μέν</strong></span> <span class='ocrx_word' id='word_1_12' title='bbox 676 904 756 971; x_wconf 84' lang='grc' dir='ltr'><strong>καθ’</strong></span> <span class='ocrx_word' id='word_1_13' title='bbox 783 903 914 993; x_wconf 77' lang='grc' dir='ltr'><strong>ὁρισμὸν</strong></span> <span class='ocrx_word' id='word_1_14' title='bbox 949 915 1005 992; x_wconf 86' lang='grc' dir='ltr'><strong>της</strong></span> <span class='ocrx_word' id='word_1_15' title='bbox 1034 907 1199 992; x_wconf 76' lang='grc' dir='ltr'>βασιλείας</span> <span class='ocrx_word' id='word_1_16' title='bbox 1226 929 1287 992; x_wconf 89' lang='grc' dir='ltr'><strong>μου</strong></span> <span class='ocrx_word' id='word_1_17' title='bbox 1315 901 1539 994; x_wconf 73' lang='grc' dir='ltr'><strong>τηρηθῆναιὴ</strong></span> 
     </span>
     <span class='ocr_line' id='line_1_5' title="bbox 268 1026 1540 1120; baseline -0.004 -23"><span class='ocrx_word' id='word_1_18' title='bbox 268 1034 365 1116; x_wconf 83' lang='grc' dir='ltr'><strong>μέσυν</strong></span> <span class='ocrx_word' id='word_1_19' title='bbox 389 1039 444 1118; x_wconf 81' lang='grc' dir='ltr'><strong>τῆς</strong></span> <span class='ocrx_word' id='word_1_20' title='bbox 468 1030 648 1116; x_wconf 82' lang='grc' dir='ltr'><strong>σεβασμίας</strong></span> <span class='ocrx_word' id='word_1_21' title='bbox 672 1039 770 1120; x_wconf 81' lang='grc' dir='ltr'><strong>μονῆς</strong></span> <span class='ocrx_word' id='word_1_22' title='bbox 798 1041 858 1094; x_wconf 84' lang='grc' dir='ltr'><strong>τῶν</strong></span> <span class='ocrx_word' id='word_1_23' title='bbox 882 1028 1017 1116; x_wconf 86' lang='grc' dir='ltr'><strong>Λίμβων</strong></span> <span class='ocrx_word' id='word_1_24' title='bbox 1041 1036 1180 1096; x_wconf 82' lang='grc' dir='ltr'><strong>καὶτῶν</strong></span> <span class='ocrx_word' id='word_1_25' title='bbox 1207 1028 1343 1096; x_wconf 88' lang='grc' dir='ltr'><strong>ἐποίκων</strong></span> <span class='ocrx_word' id='word_1_26' title='bbox 1367 1037 1422 1094; x_wconf 81' lang='grc' dir='ltr'><strong>τοῦ</strong></span> <span class='ocrx_word' id='word_1_27' title='bbox 1445 1026 1540 1114; x_wconf 88' lang='grc' dir='ltr'><strong>ἀγρι-</strong></span> 
     </span>
     <span class='ocr_line' id='line_1_6' title="bbox 267 1147 1541 1242; baseline -0.003 -23"><span class='ocrx_word' id='word_1_28' title='bbox 267 1155 337 1219; x_wconf 88' lang='grc' dir='ltr'><strong>δίου</strong></span> <span class='ocrx_word' id='word_1_29' title='bbox 366 1152 525 1242; x_wconf 84' lang='grc' dir='ltr'><strong>Σφοάρνου</strong></span> <span class='ocrx_word' id='word_1_30' title='bbox 554 1163 608 1218; x_wconf 82' lang='grc' dir='ltr'><strong>τοῦ</strong></span> <span class='ocrx_word' id='word_1_31' title='bbox 638 1147 696 1218; x_wconf 78' lang='grc' dir='ltr'><strong>ἀπὸ</strong></span> <span class='ocrx_word' id='word_1_32' title='bbox 725 1156 778 1217; x_wconf 80' lang='grc' dir='ltr'><strong>τὸν</strong></span> <span class='ocrx_word' id='word_1_33' title='bbox 795 1152 1041 1242; x_wconf 82' lang='grc' dir='ltr'><strong>Ιἀνδρικώτατον</strong></span> <span class='ocrx_word' id='word_1_34' title='bbox 1065 1158 1121 1218; x_wconf 84' lang='grc' dir='ltr'><strong>καί</strong></span> <span class='ocrx_word' id='word_1_35' title='bbox 1147 1159 1336 1220; x_wconf 72' lang='grc' dir='ltr'><strong>πιστότατον</strong></span> <span class='ocrx_word' id='word_1_36' title='bbox 1360 1153 1460 1225; x_wconf 76' lang='grc' dir='ltr'><strong>λίζιυν</strong></span> <span class='ocrx_word' id='word_1_37' title='bbox 1485 1161 1541 1238; x_wconf 83' lang='grc' dir='ltr'><strong>της</strong></span> 
     </span>
     <span class='ocr_line' id='line_1_7' title="bbox 269 1273 1543 1366; baseline -0.002 -24"><span class='ocrx_word' id='word_1_38' title='bbox 269 1279 433 1364; x_wconf 81' lang='grc' dir='ltr'><strong>βασιλείας</strong></span> <span class='ocrx_word' id='word_1_39' title='bbox 461 1297 523 1362; x_wconf 92' lang='grc' dir='ltr'><strong>μου</strong></span> <span class='ocrx_word' id='word_1_40' title='bbox 555 1276 773 1364; x_wconf 88' lang='grc' dir='ltr'><strong>καβαλλάριυν</strong></span> <span class='ocrx_word' id='word_1_41' title='bbox 802 1279 854 1342; x_wconf 81' lang='grc' dir='ltr'><strong>τὸν</strong></span> <span class='ocrx_word' id='word_1_42' title='bbox 883 1277 1046 1366; x_wconf 83' lang='grc' dir='ltr'><strong>Συργαρην</strong></span> <span class='ocrx_word' id='word_1_43' title='bbox 1075 1273 1227 1351; x_wconf 77' lang='grc' dir='ltr'><strong>ἀπόθεσις</strong></span> <span class='ocrx_word' id='word_1_44' title='bbox 1261 1279 1348 1363; x_wconf 87' lang='grc' dir='ltr'><strong>παρὰ</strong></span> <span class='ocrx_word' id='word_1_45' title='bbox 1374 1284 1428 1340; x_wconf 84' lang='grc' dir='ltr'><strong>τοῦ</strong></span> <span class='ocrx_word' id='word_1_46' title='bbox 1452 1297 1543 1362; x_wconf 88' lang='grc' dir='ltr'><strong>περι-</strong></span> 
     </span>
     <span class='ocr_line' id='line_1_8' title="bbox 267 1371 1541 1488; baseline -0.003 -22"><span class='ocrx_word' id='word_1_47' title='bbox 267 1371 414 1488; x_wconf 80' lang='grc' dir='ltr'><strong>ποθήτου</strong></span> <span class='ocrx_word' id='word_1_48' title='bbox 450 1402 543 1465; x_wconf 93' lang='grc' dir='ltr'><strong>θείου</strong></span> <span class='ocrx_word' id='word_1_49' title='bbox 578 1408 634 1486; x_wconf 84' lang='grc' dir='ltr'><strong>τῆς</strong></span> <span class='ocrx_word' id='word_1_50' title='bbox 669 1401 834 1483; x_wconf 78' lang='grc' dir='ltr'><strong>βασιλείας</strong></span> <span class='ocrx_word' id='word_1_51' title='bbox 870 1423 944 1486; x_wconf 85' lang='grc' dir='ltr'><strong>μου,</strong></span> <span class='ocrx_word' id='word_1_52' title='bbox 981 1411 1036 1468; x_wconf 81' lang='grc' dir='ltr'><strong>τοῦ</strong></span> <span class='ocrx_word' id='word_1_53' title='bbox 1071 1401 1187 1474; x_wconf 83' lang='grc' dir='ltr'><strong>δυοκός</strong></span> <span class='ocrx_word' id='word_1_54' title='bbox 1222 1410 1277 1466; x_wconf 80' lang='grc' dir='ltr'><strong>τοῦ</strong></span> <span class='ocrx_word' id='word_1_55' title='bbox 1305 1403 1449 1485; x_wconf 83' lang='grc' dir='ltr'><strong>θίματος</strong></span> <span class='ocrx_word' id='word_1_56' title='bbox 1481 1409 1541 1463; x_wconf 83' lang='grc' dir='ltr'><strong>των</strong></span> 
     </span>
     <span class='ocr_line' id='line_1_9' title="bbox 267 1519 1542 1612; baseline -0.002 -24"><span class='ocrx_word' id='word_1_57' title='bbox 267 1525 467 1612; x_wconf 87' lang='grc' dir='ltr'><strong>Θρακησίων,</strong></span> <span class='ocrx_word' id='word_1_58' title='bbox 491 1531 589 1610; x_wconf 73' lang='grc' dir='ltr'><strong>κυροῖ)</strong></span> <span class='ocrx_word' id='word_1_59' title='bbox 611 1522 756 1589; x_wconf 75' lang='grc' dir='ltr'><strong>Ἰωάννου</strong></span> <span class='ocrx_word' id='word_1_60' title='bbox 779 1531 834 1588; x_wconf 82' lang='grc' dir='ltr'><strong>τοῦ</strong></span> <span class='ocrx_word' id='word_1_61' title='bbox 855 1519 1025 1604; x_wconf 72' lang='grc' dir='ltr'><strong>Ἄγγελον·</strong></span> <span class='ocrx_word' id='word_1_62' title='bbox 1050 1523 1115 1590; x_wconf 79' lang='grc' dir='ltr'><strong>ἐπεὶ</strong></span> <span class='ocrx_word' id='word_1_63' title='bbox 1136 1524 1165 1588; x_wconf 80' lang='grc' dir='ltr'><strong>δ’</strong></span> <span class='ocrx_word' id='word_1_64' title='bbox 1188 1522 1225 1588; x_wconf 87' lang='grc' dir='ltr'><strong>ἐκ</strong></span> <span class='ocrx_word' id='word_1_65' title='bbox 1242 1525 1390 1610; x_wconf 81' lang='grc' dir='ltr'><strong>διμερυδς</strong></span> <span class='ocrx_word' id='word_1_66' title='bbox 1407 1527 1542 1609; x_wconf 86' lang='grc' dir='ltr'><strong>κρίσεως</strong></span> 
     </span>
     <span class='ocr_line' id='line_1_10' title="bbox 268 1641 1545 1738; baseline -0.002 -25"><span class='ocrx_word' id='word_1_67' title='bbox 268 1648 426 1736; x_wconf 90' lang='grc' dir='ltr'><strong>ἀνεφάνη,</strong></span> <span class='ocrx_word' id='word_1_68' title='bbox 451 1645 493 1719; x_wconf 77' lang='grc' dir='ltr'><strong>ὡς</strong></span> <span class='ocrx_word' id='word_1_69' title='bbox 516 1649 552 1711; x_wconf 84' lang='grc' dir='ltr'><strong>τὸ</strong></span> <span class='ocrx_word' id='word_1_70' title='bbox 577 1655 717 1712; x_wconf 84' lang='grc' dir='ltr'><strong>τοιοῦτον</strong></span> <span class='ocrx_word' id='word_1_71' title='bbox 747 1643 890 1732; x_wconf 89' lang='grc' dir='ltr'><strong>ἀγρίδιον</strong></span> <span class='ocrx_word' id='word_1_72' title='bbox 919 1643 939 1734; x_wconf 86' lang='grc' dir='ltr'>ἡ</span> <span class='ocrx_word' id='word_1_73' title='bbox 965 1647 1143 1738; x_wconf 82' lang='grc' dir='ltr'><strong>Σφοιίρνους</strong></span> <span class='ocrx_word' id='word_1_74' title='bbox 1167 1645 1226 1713; x_wconf 75' lang='grc' dir='ltr'><strong>οὐκ</strong></span> <span class='ocrx_word' id='word_1_75' title='bbox 1250 1645 1288 1735; x_wconf 76' lang='grc' dir='ltr'><strong>ἦν</strong></span> <span class='ocrx_word' id='word_1_76' title='bbox 1313 1649 1438 1728; x_wconf 78' lang='grc' dir='ltr'><strong>γυνικόν</strong></span> <span class='ocrx_word' id='word_1_77' title='bbox 1464 1641 1545 1711; x_wconf 81' lang='grc' dir='ltr'><strong>ἀπο-</strong></span> 
     </span>
     <span class='ocr_line' id='line_1_11' title="bbox 268 1765 1545 1859; baseline -0.004 -21"><span class='ocrx_word' id='word_1_78' title='bbox 268 1773 417 1838; x_wconf 85' lang='grc' dir='ltr'><strong>στατικόν</strong></span> <span class='ocrx_word' id='word_1_79' title='bbox 442 1781 503 1834; x_wconf 86' lang='grc' dir='ltr'><strong>τῶν</strong></span> <span class='ocrx_word' id='word_1_80' title='bbox 526 1768 760 1858; x_wconf 81' lang='grc' dir='ltr'><strong>Πυταμηνωνῆ</strong></span> <span class='ocrx_word' id='word_1_81' title='bbox 785 1781 845 1834; x_wconf 82' lang='grc' dir='ltr'><strong>τῶν</strong></span> <span class='ocrx_word' id='word_1_82' title='bbox 868 1769 1073 1836; x_wconf 81' lang='grc' dir='ltr'><strong>Μαντειανῶν</strong></span> <span class='ocrx_word' id='word_1_83' title='bbox 1089 1776 1262 1858; x_wconf 88' lang='grc' dir='ltr'><strong>παροίκων,</strong></span> <span class='ocrx_word' id='word_1_84' title='bbox 1289 1769 1373 1836; x_wconf 86' lang='grc' dir='ltr'><strong>ἀλλά</strong></span> <span class='ocrx_word' id='word_1_85' title='bbox 1397 1765 1439 1859; x_wconf 77' lang='grc' dir='ltr'><strong>τη</strong></span> <span class='ocrx_word' id='word_1_86' title='bbox 1456 1775 1545 1834; x_wconf 85' lang='grc' dir='ltr'><strong>κατὰ</strong></span> 
     </span>
     <span class='ocr_line' id='line_1_12' title="bbox 267 1891 1544 1984; baseline -0.002 -24"><span class='ocrx_word' id='word_1_87' title='bbox 267 1897 322 1984; x_wconf 78' lang='grc' dir='ltr'><strong>την</strong></span> <span class='ocrx_word' id='word_1_88' title='bbox 350 1895 680 1984; x_wconf 83' lang='grc' dir='ltr'><strong>Κωνσταντινούπολιν</strong></span> <span class='ocrx_word' id='word_1_89' title='bbox 709 1894 895 1982; x_wconf 69' lang='grc' dir='ltr'><strong>διοικουμένῃ</strong></span> <span class='ocrx_word' id='word_1_90' title='bbox 925 1893 1086 1982; x_wconf 81' lang='grc' dir='ltr'><strong>σεβασμίογ</strong></span> <span class='ocrx_word' id='word_1_91' title='bbox 1113 1906 1195 1982; x_wconf 80' lang='grc' dir='ltr'><strong>μονη</strong></span> <span class='ocrx_word' id='word_1_92' title='bbox 1231 1905 1291 1960; x_wconf 80' lang='grc' dir='ltr'><strong>τῶν</strong></span> <span class='ocrx_word' id='word_1_93' title='bbox 1321 1891 1544 1981; x_wconf 83' lang='grc' dir='ltr'><strong>Ῥυοφινιανων</strong></span> 
     </span>
    </p>
   </div>
   <div class='ocr_carea' id='block_1_4' title="bbox 147 2015 1544 2112">
    <p class='ocr_par' dir='ltr' id='par_1_4' title="bbox 147 2015 1544 2112">
     <span class='ocr_line' id='line_1_13' title="bbox 147 2015 1544 2112; baseline -0.004 -24"><span class='ocrx_word' id='word_1_94' title='bbox 147 2031 150 2041; x_wconf 91' lang='grc'><strong>“</strong></span> <span class='ocrx_word' id='word_1_95' title='bbox 268 2021 414 2109; x_wconf 78' lang='grc' dir='ltr'><strong>ἀρχῆθεν</strong></span> <span class='ocrx_word' id='word_1_96' title='bbox 441 2021 566 2106; x_wconf 70' lang='grc' dir='ltr'><strong>διάφερε</strong></span> <span class='ocrx_word' id='word_1_97' title='bbox 596 2015 651 2081; x_wconf 84' lang='grc' dir='ltr'><strong>καὶ</strong></span> <span class='ocrx_word' id='word_1_98' title='bbox 679 2020 766 2103; x_wconf 87' lang='grc' dir='ltr'><strong>παρὰ</strong></span> <span class='ocrx_word' id='word_1_99' title='bbox 794 2027 849 2083; x_wconf 82' lang='grc' dir='ltr'><strong>τοῦ</strong></span> <span class='ocrx_word' id='word_1_100' title='bbox 879 2022 993 2112; x_wconf 76' lang='grc' dir='ltr'><strong>μέρους</strong></span> <span class='ocrx_word' id='word_1_101' title='bbox 1021 2027 1077 2106; x_wconf 80' lang='grc' dir='ltr'><strong>τῆς</strong></span> <span class='ocrx_word' id='word_1_102' title='bbox 1105 2021 1253 2106; x_wconf 78' lang='grc' dir='ltr'><strong>τοιαύτης</strong></span> <span class='ocrx_word' id='word_1_103' title='bbox 1282 2027 1381 2105; x_wconf 80' lang='grc' dir='ltr'><strong>μονῆς</strong></span> <span class='ocrx_word' id='word_1_104' title='bbox 1406 2021 1544 2084; x_wconf 83' lang='grc' dir='ltr'><strong>πάντοτε</strong></span> 
     </span>
    </p>
   </div>
   <div class='ocr_carea' id='block_1_5' title="bbox 266 2137 1544 3968">
    <p class='ocr_par' dir='ltr' id='par_1_5' title="bbox 266 2137 1544 3968">
     <span class='ocr_line' id='line_1_14' title="bbox 268 2137 1543 2232; baseline -0.002 -22"><span class='ocrx_word' id='word_1_105' title='bbox 268 2143 472 2232; x_wconf 73' lang='grc' dir='ltr'><strong>ἐμορτάζετο·</strong></span> <span class='ocrx_word' id='word_1_106' title='bbox 502 2139 554 2208; x_wconf 81' lang='grc' dir='ltr'><strong>ὅτε</strong></span> <span class='ocrx_word' id='word_1_107' title='bbox 583 2144 619 2206; x_wconf 93' lang='grc' dir='ltr'><strong>δέ</strong></span> <span class='ocrx_word' id='word_1_108' title='bbox 647 2137 667 2230; x_wconf 81' lang='grc' dir='ltr'>ἡ</span> <span class='ocrx_word' id='word_1_109' title='bbox 696 2153 756 2206; x_wconf 84' lang='grc' dir='ltr'><strong>τῶν</strong></span> <span class='ocrx_word' id='word_1_110' title='bbox 784 2139 930 2208; x_wconf 83' lang='grc' dir='ltr'><strong>Λατίνων</strong></span> <span class='ocrx_word' id='word_1_111' title='bbox 959 2140 997 2230; x_wconf 76' lang='grc' dir='ltr'><strong>ην</strong></span> <span class='ocrx_word' id='word_1_112' title='bbox 1021 2143 1209 2230; x_wconf 77' lang='grc' dir='ltr'><strong>καταδρομὴ</strong></span> <span class='ocrx_word' id='word_1_113' title='bbox 1239 2147 1403 2230; x_wconf 77' lang='grc' dir='ltr'><strong>κατάντης</strong></span> <span class='ocrx_word' id='word_1_114' title='bbox 1427 2142 1543 2208; x_wconf 86' lang='grc' dir='ltr'><strong>ἀνατο·</strong></span> 
     </span>
     <span class='ocr_line' id='line_1_15' title="bbox 266 2263 1541 2356; baseline -0.003 -22"><span class='ocrx_word' id='word_1_115' title='bbox 266 2271 341 2356; x_wconf 83' lang='grc' dir='ltr'><strong>λῆς,</strong></span> <span class='ocrx_word' id='word_1_116' title='bbox 370 2270 426 2332; x_wconf 85' lang='grc' dir='ltr'><strong>καί</strong></span> <span class='ocrx_word' id='word_1_117' title='bbox 453 2268 488 2329; x_wconf 79' lang='grc' dir='ltr'><strong>τὸ</strong></span> <span class='ocrx_word' id='word_1_118' title='bbox 518 2274 660 2332; x_wconf 83' lang='grc' dir='ltr'><strong>τοιοῦτον</strong></span> <span class='ocrx_word' id='word_1_119' title='bbox 690 2263 847 2352; x_wconf 85' lang='grc' dir='ltr'><strong>ἀγρίδιον,</strong></span> <span class='ocrx_word' id='word_1_120' title='bbox 873 2263 915 2339; x_wconf 80' lang='grc' dir='ltr'><strong>ὡς</strong></span> <span class='ocrx_word' id='word_1_121' title='bbox 939 2265 984 2340; x_wconf 80' lang='grc' dir='ltr'><strong>εἰς</strong></span> <span class='ocrx_word' id='word_1_122' title='bbox 1008 2263 1163 2354; x_wconf 79' lang='grc' dir='ltr'><strong>ἀχδρωμα</strong></span> <span class='ocrx_word' id='word_1_123' title='bbox 1186 2272 1346 2354; x_wconf 90' lang='grc' dir='ltr'><strong>κείμενον,</strong></span> <span class='ocrx_word' id='word_1_124' title='bbox 1373 2266 1417 2342; x_wconf 82' lang='grc' dir='ltr'><strong>είς</strong></span> <span class='ocrx_word' id='word_1_125' title='bbox 1441 2288 1541 2353; x_wconf 89' lang='grc' dir='ltr'><strong>κρεσ-</strong></span> 
     </span>
     <span class='ocr_line' id='line_1_16' title="bbox 267 2387 1542 2484; baseline -0.002 -27"><span class='ocrx_word' id='word_1_126' title='bbox 267 2394 401 2484; x_wconf 80' lang='grc' dir='ltr'><strong>φύγετον</strong></span> <span class='ocrx_word' id='word_1_127' title='bbox 431 2389 610 2478; x_wconf 75' lang='grc' dir='ltr'><strong>ἐχρήσαντο</strong></span> <span class='ocrx_word' id='word_1_128' title='bbox 639 2387 670 2454; x_wconf 81' lang='grc' dir='ltr'><strong>οἱ</strong></span> <span class='ocrx_word' id='word_1_129' title='bbox 697 2389 883 2478; x_wconf 83' lang='grc' dir='ltr'><strong>Ποταμηνοί</strong></span> <span class='ocrx_word' id='word_1_130' title='bbox 909 2390 982 2455; x_wconf 80' lang='grc' dir='ltr'><strong>κατ’</strong></span> <span class='ocrx_word' id='word_1_131' title='bbox 1010 2392 1179 2478; x_wconf 79' lang='grc' dir='ltr'><strong>ἐπιτροπὴν</strong></span> <span class='ocrx_word' id='word_1_132' title='bbox 1208 2401 1263 2456; x_wconf 85' lang='grc' dir='ltr'><strong>τοῦ</strong></span> <span class='ocrx_word' id='word_1_133' title='bbox 1292 2395 1384 2457; x_wconf 89' lang='grc' dir='ltr'><strong>θείου</strong></span> <span class='ocrx_word' id='word_1_134' title='bbox 1417 2389 1542 2457; x_wconf 84' lang='grc' dir='ltr'><strong>ἐκείνου</strong></span> 
     </span>
     <span class='ocr_line' id='line_1_17' title="bbox 267 2493 1542 2605; baseline -0.002 -25"><span class='ocrx_word' id='word_1_135' title='bbox 267 2528 323 2605; x_wconf 80' lang='grc' dir='ltr'><strong>τῆς</strong></span> <span class='ocrx_word' id='word_1_136' title='bbox 353 2516 517 2601; x_wconf 83' lang='grc' dir='ltr'><strong>βασιλείας</strong></span> <span class='ocrx_word' id='word_1_137' title='bbox 546 2537 621 2602; x_wconf 85' lang='grc' dir='ltr'><strong>μου,</strong></span> <span class='ocrx_word' id='word_1_138' title='bbox 658 2523 712 2579; x_wconf 80' lang='grc' dir='ltr'><strong>τοῦ</strong></span> <span class='ocrx_word' id='word_1_139' title='bbox 740 2513 891 2604; x_wconf 87' lang='grc' dir='ltr'><strong>Λάσκαρι</strong></span> <span class='ocrx_word' id='word_1_140' title='bbox 920 2525 1017 2602; x_wconf 85' lang='grc' dir='ltr'><strong>κοροῦ</strong></span> <span class='ocrx_word' id='word_1_141' title='bbox 1052 2515 1076 2582; x_wconf 94' lang='grc' dir='ltr'>Γ</span> <span class='ocrx_word' id='word_1_142' title='bbox 1079 2493 1224 2604; x_wconf 86' lang='grc' dir='ltr'><strong>εωργίυο,</strong></span> <span class='ocrx_word' id='word_1_143' title='bbox 1259 2521 1316 2582; x_wconf 83' lang='grc' dir='ltr'><strong>καί</strong></span> <span class='ocrx_word' id='word_1_144' title='bbox 1345 2515 1456 2580; x_wconf 78' lang='grc' dir='ltr'><strong>ἔκτοτε</strong></span> <span class='ocrx_word' id='word_1_145' title='bbox 1488 2517 1542 2601; x_wconf 77' lang='grc' dir='ltr'><strong>τήν</strong></span> 
     </span>
     <span class='ocr_line' id='line_1_18' title="bbox 267 2637 1543 2738; baseline -0.002 -33"><span class='ocrx_word' id='word_1_146' title='bbox 267 2642 384 2738; x_wconf 81' lang='grc' dir='ltr'><strong>τούτων</strong></span> <span class='ocrx_word' id='word_1_147' title='bbox 414 2637 581 2726; x_wconf 85' lang='grc' dir='ltr'><strong>ἀμετάχως</strong></span> <span class='ocrx_word' id='word_1_148' title='bbox 617 2637 715 2726; x_wconf 81' lang='grc' dir='ltr'><strong>ἔσχον</strong></span> <span class='ocrx_word' id='word_1_149' title='bbox 750 2639 859 2726; x_wconf 82' lang='grc' dir='ltr'><strong>νομὴν,</strong></span> <span class='ocrx_word' id='word_1_150' title='bbox 894 2643 950 2704; x_wconf 83' lang='grc' dir='ltr'><strong>καὶ</strong></span> <span class='ocrx_word' id='word_1_151' title='bbox 979 2637 1093 2715; x_wconf 76' lang='grc' dir='ltr'><strong>οὕτως.</strong></span> <span class='ocrx_word' id='word_1_152' title='bbox 1113 2645 1200 2728; x_wconf 86' lang='grc' dir='ltr'><strong>παρὰ</strong></span> <span class='ocrx_word' id='word_1_153' title='bbox 1235 2649 1290 2706; x_wconf 81' lang='grc' dir='ltr'><strong>τοῦ</strong></span> <span class='ocrx_word' id='word_1_154' title='bbox 1325 2642 1543 2726; x_wconf 80' lang='grc' dir='ltr'><strong>περιποθήτου</strong></span> 
     </span>
     <span class='ocr_line' id='line_1_19' title="bbox 267 2762 1542 2850; baseline -0.002 -22"><span class='ocrx_word' id='word_1_155' title='bbox 267 2767 361 2829; x_wconf 80' lang='grc' dir='ltr'><strong>θείου</strong></span> <span class='ocrx_word' id='word_1_156' title='bbox 391 2772 447 2850; x_wconf 82' lang='grc' dir='ltr'><strong>τῆς</strong></span> <span class='ocrx_word' id='word_1_157' title='bbox 477 2762 641 2847; x_wconf 85' lang='grc' dir='ltr'><strong>βασιλείας</strong></span> <span class='ocrx_word' id='word_1_158' title='bbox 671 2784 746 2848; x_wconf 89' lang='grc' dir='ltr'><strong>μου,</strong></span> <span class='ocrx_word' id='word_1_159' title='bbox 777 2772 831 2828; x_wconf 80' lang='grc' dir='ltr'><strong>τοῦ</strong></span> <span class='ocrx_word' id='word_1_160' title='bbox 860 2764 976 2838; x_wconf 81' lang='grc' dir='ltr'><strong>δοοκός</strong></span> <span class='ocrx_word' id='word_1_161' title='bbox 1000 2773 1055 2828; x_wconf 78' lang='grc' dir='ltr'><strong>τοῦ</strong></span> <span class='ocrx_word' id='word_1_162' title='bbox 1083 2767 1228 2850; x_wconf 81' lang='grc' dir='ltr'><strong>θίματος</strong></span> <span class='ocrx_word' id='word_1_163' title='bbox 1252 2775 1311 2830; x_wconf 82' lang='grc' dir='ltr'><strong>τῶν</strong></span> <span class='ocrx_word' id='word_1_164' title='bbox 1340 2764 1542 2849; x_wconf 86' lang='grc' dir='ltr'><strong>Θρακησίων,</strong></span> 
     </span>
     <span class='ocr_line' id='line_1_20' title="bbox 267 2885 1544 2976; baseline -0.003 -20"><span class='ocrx_word' id='word_1_165' title='bbox 267 2896 366 2976; x_wconf 81' lang='grc' dir='ltr'><strong>κυροδ</strong></span> <span class='ocrx_word' id='word_1_166' title='bbox 391 2886 537 2954; x_wconf 80' lang='grc' dir='ltr'><strong>Ἰωάννου</strong></span> <span class='ocrx_word' id='word_1_167' title='bbox 561 2895 616 2950; x_wconf 81' lang='grc' dir='ltr'><strong>τοῦ</strong></span> <span class='ocrx_word' id='word_1_168' title='bbox 639 2885 805 2968; x_wconf 80' lang='grc' dir='ltr'><strong>Ἀγγέλου,</strong></span> <span class='ocrx_word' id='word_1_169' title='bbox 831 2885 1020 2975; x_wconf 75' lang='grc' dir='ltr'><strong>ἐξώσθησαν</strong></span> <span class='ocrx_word' id='word_1_170' title='bbox 1045 2886 1132 2954; x_wconf 77' lang='grc' dir='ltr'><strong>οὖτοι</strong></span> <span class='ocrx_word' id='word_1_171' title='bbox 1154 2887 1215 2955; x_wconf 77' lang='grc' dir='ltr'><strong>ἀπὸ</strong></span> <span class='ocrx_word' id='word_1_172' title='bbox 1239 2899 1295 2976; x_wconf 84' lang='grc' dir='ltr'><strong>της</strong></span> <span class='ocrx_word' id='word_1_173' title='bbox 1319 2890 1544 2974; x_wconf 76' lang='grc' dir='ltr'><strong>τοῦτοιοιίτου</strong></span> 
     </span>
     <span class='ocr_line' id='line_1_21' title="bbox 268 3006 1543 3101; baseline -0.004 -23"><span class='ocrx_word' id='word_1_174' title='bbox 268 3011 411 3099; x_wconf 87' lang='grc' dir='ltr'><strong>ἀγριδίου</strong></span> <span class='ocrx_word' id='word_1_175' title='bbox 434 3019 544 3097; x_wconf 80' lang='grc' dir='ltr'><strong>νομῆς,</strong></span> <span class='ocrx_word' id='word_1_176' title='bbox 567 3014 623 3074; x_wconf 86' lang='grc' dir='ltr'><strong>καὶ</strong></span> <span class='ocrx_word' id='word_1_177' title='bbox 646 3006 666 3098; x_wconf 80' lang='grc' dir='ltr'>ἡ</span> <span class='ocrx_word' id='word_1_178' title='bbox 693 3011 771 3097; x_wconf 81' lang='grc' dir='ltr'><strong>μονὴ</strong></span> <span class='ocrx_word' id='word_1_179' title='bbox 796 3020 856 3074; x_wconf 85' lang='grc' dir='ltr'><strong>τῶν</strong></span> <span class='ocrx_word' id='word_1_180' title='bbox 872 3009 1008 3098; x_wconf 84' lang='grc' dir='ltr'><strong>Λὲμβων</strong></span> <span class='ocrx_word' id='word_1_181' title='bbox 1033 3010 1212 3100; x_wconf 85' lang='grc' dir='ltr'><strong>ἐδικαιώθη</strong></span> <span class='ocrx_word' id='word_1_182' title='bbox 1230 3010 1396 3101; x_wconf 89' lang='grc' dir='ltr'><strong>ἐγγράφως</strong></span> <span class='ocrx_word' id='word_1_183' title='bbox 1418 3010 1462 3086; x_wconf 77' lang='grc' dir='ltr'><strong>εἰς</strong></span> <span class='ocrx_word' id='word_1_184' title='bbox 1488 3013 1543 3098; x_wconf 76' lang='grc' dir='ltr'><strong>την</strong></span> 
     </span>
     <span class='ocr_line' id='line_1_22' title="bbox 268 3103 1543 3224; baseline -0.002 -23"><span class='ocrx_word' id='word_1_185' title='bbox 268 3103 380 3201; x_wconf 79' lang='grc' dir='ltr'><strong>τοίτου</strong></span> <span class='ocrx_word' id='word_1_186' title='bbox 408 3135 552 3221; x_wconf 79' lang='grc' dir='ltr'><strong>κατοχὴν</strong></span> <span class='ocrx_word' id='word_1_187' title='bbox 581 3137 636 3198; x_wconf 89' lang='grc' dir='ltr'><strong>καί</strong></span> <span class='ocrx_word' id='word_1_188' title='bbox 664 3134 777 3220; x_wconf 76' lang='grc' dir='ltr'><strong>νομὴν,</strong></span> <span class='ocrx_word' id='word_1_189' title='bbox 809 3137 922 3208; x_wconf 76' lang='grc' dir='ltr'><strong>καθὼς</strong></span> <span class='ocrx_word' id='word_1_190' title='bbox 952 3135 1174 3224; x_wconf 77' lang='grc' dir='ltr'><strong>ἀριδηλότερον</strong></span> <span class='ocrx_word' id='word_1_191' title='bbox 1203 3133 1223 3224; x_wconf 85' lang='grc' dir='ltr'>ἡ</span> <span class='ocrx_word' id='word_1_192' title='bbox 1251 3147 1400 3222; x_wconf 84' lang='grc' dir='ltr'><strong>παροῦσα</strong></span> <span class='ocrx_word' id='word_1_193' title='bbox 1436 3131 1543 3209; x_wconf 79' lang='grc' dir='ltr'><strong>αδτοῖς</strong></span> 
     </span>
     <span class='ocr_line' id='line_1_23' title="bbox 270 3253 1544 3348; baseline -0.002 -24"><span class='ocrx_word' id='word_1_194' title='bbox 270 3259 529 3332; x_wconf 81' lang='grc' dir='ltr'><strong>ἀποκατάστασις</strong></span> <span class='ocrx_word' id='word_1_195' title='bbox 564 3256 713 3343; x_wconf 70' lang='grc' dir='ltr'><strong>παριστφ,</strong></span> <span class='ocrx_word' id='word_1_196' title='bbox 750 3253 934 3346; x_wconf 79' lang='grc' dir='ltr'><strong>ἐδεήθησαν</strong></span> <span class='ocrx_word' id='word_1_197' title='bbox 970 3259 1005 3324; x_wconf 85' lang='grc' dir='ltr'><strong>δέ</strong></span> <span class='ocrx_word' id='word_1_198' title='bbox 1041 3258 1071 3323; x_wconf 80' lang='grc' dir='ltr'><strong>οἱ</strong></span> <span class='ocrx_word' id='word_1_199' title='bbox 1107 3263 1244 3348; x_wconf 84' lang='grc' dir='ltr'><strong>μοναχοί</strong></span> <span class='ocrx_word' id='word_1_200' title='bbox 1284 3259 1448 3346; x_wconf 87' lang='grc' dir='ltr'><strong>Λεμβηνοί</strong></span> <span class='ocrx_word' id='word_1_201' title='bbox 1488 3263 1544 3324; x_wconf 85' lang='grc' dir='ltr'><strong>καὶ</strong></span> 
     </span>
     <span class='ocr_line' id='line_1_24' title="bbox 270 3369 1543 3470; baseline -0.001 -23"><span class='ocrx_word' id='word_1_202' title='bbox 270 3381 403 3468; x_wconf 79' lang='grc' dir='ltr'><strong>ὁρισμοῦ</strong></span> <span class='ocrx_word' id='word_1_203' title='bbox 428 3391 483 3466; x_wconf 81' lang='grc' dir='ltr'><strong>τῆς</strong></span> <span class='ocrx_word' id='word_1_204' title='bbox 508 3379 673 3464; x_wconf 81' lang='grc' dir='ltr'><strong>βασιλείας</strong></span> <span class='ocrx_word' id='word_1_205' title='bbox 698 3401 758 3468; x_wconf 92' lang='grc' dir='ltr'><strong>μου</strong></span> <span class='ocrx_word' id='word_1_206' title='bbox 783 3386 984 3468; x_wconf 74' lang='grc' dir='ltr'><strong>στηρίζοντος</strong></span> <span class='ocrx_word' id='word_1_207' title='bbox 1013 3379 1127 3456; x_wconf 72' lang='grc' dir='ltr'><strong>αὐτοὺς</strong></span> <span class='ocrx_word' id='word_1_208' title='bbox 1151 3383 1196 3456; x_wconf 81' lang='grc' dir='ltr'><strong>είς</strong></span> <span class='ocrx_word' id='word_1_209' title='bbox 1221 3385 1276 3470; x_wconf 80' lang='grc' dir='ltr'><strong>τήν</strong></span> <span class='ocrx_word' id='word_1_210' title='bbox 1306 3369 1543 3448; x_wconf 79' lang='grc' dir='ltr'><strong>τούτουκατυ-</strong></span> 
     </span>
     <span class='ocr_line' id='line_1_25' title="bbox 268 3499 1543 3596; baseline 0.002 -29"><span class='ocrx_word' id='word_1_211' title='bbox 268 3507 331 3596; x_wconf 76' lang='grc' dir='ltr'><strong>χην</strong></span> <span class='ocrx_word' id='word_1_212' title='bbox 354 3509 408 3568; x_wconf 83' lang='grc' dir='ltr'><strong>καί</strong></span> <span class='ocrx_word' id='word_1_213' title='bbox 431 3504 541 3590; x_wconf 81' lang='grc' dir='ltr'><strong>νομην,</strong></span> <span class='ocrx_word' id='word_1_214' title='bbox 564 3499 584 3591; x_wconf 81' lang='grc' dir='ltr'>ἡ</span> <span class='ocrx_word' id='word_1_215' title='bbox 610 3505 758 3588; x_wconf 87' lang='grc' dir='ltr'><strong>βασιλεία</strong></span> <span class='ocrx_word' id='word_1_216' title='bbox 783 3528 843 3590; x_wconf 90' lang='grc' dir='ltr'><strong>μου</strong></span> <span class='ocrx_word' id='word_1_217' title='bbox 867 3515 922 3594; x_wconf 83' lang='grc' dir='ltr'><strong>της</strong></span> <span class='ocrx_word' id='word_1_218' title='bbox 945 3507 1085 3593; x_wconf 82' lang='grc' dir='ltr'><strong>δεήσεως</strong></span> <span class='ocrx_word' id='word_1_219' title='bbox 1111 3499 1211 3572; x_wconf 75' lang='grc' dir='ltr'><strong>αὐτῶν</strong></span> <span class='ocrx_word' id='word_1_220' title='bbox 1237 3505 1447 3572; x_wconf 81' lang='grc' dir='ltr'><strong>ἐπακούσασα</strong></span> <span class='ocrx_word' id='word_1_221' title='bbox 1471 3505 1543 3571; x_wconf 79' lang='grc' dir='ltr'><strong>ἐπι-</strong></span> 
     </span>
     <span class='ocr_line' id='line_1_26' title="bbox 268 3629 1544 3718; baseline 0 -24"><span class='ocrx_word' id='word_1_222' title='bbox 268 3639 359 3716; x_wconf 82' lang='grc' dir='ltr'><strong>κυρυί</strong></span> <span class='ocrx_word' id='word_1_223' title='bbox 392 3629 446 3692; x_wconf 81' lang='grc' dir='ltr'><strong>διὰ</strong></span> <span class='ocrx_word' id='word_1_224' title='bbox 479 3637 536 3715; x_wconf 83' lang='grc' dir='ltr'><strong>τῆς</strong></span> <span class='ocrx_word' id='word_1_225' title='bbox 570 3629 732 3714; x_wconf 79' lang='grc' dir='ltr'><strong>παρούσης</strong></span> <span class='ocrx_word' id='word_1_226' title='bbox 760 3629 962 3714; x_wconf 71' lang='grc' dir='ltr'><strong>προστάξεως</strong></span> <span class='ocrx_word' id='word_1_227' title='bbox 991 3629 1046 3716; x_wconf 81' lang='grc' dir='ltr'><strong>τήν</strong></span> <span class='ocrx_word' id='word_1_228' title='bbox 1075 3641 1239 3709; x_wconf 88' lang='grc' dir='ltr'><strong>γεγονυῖαν</strong></span> <span class='ocrx_word' id='word_1_229' title='bbox 1267 3641 1332 3704; x_wconf 81' lang='grc' dir='ltr'><strong>τοῖς</strong></span> <span class='ocrx_word' id='word_1_230' title='bbox 1363 3629 1544 3718; x_wconf 85' lang='grc' dir='ltr'><strong>Λεμβηνοῖς</strong></span> 
     </span>
     <span class='ocr_line' id='line_1_27' title="bbox 270 3749 1544 3840; baseline 0 -22"><span class='ocrx_word' id='word_1_231' title='bbox 270 3751 533 3818; x_wconf 86' lang='grc' dir='ltr'><strong>ἀποκατάστασιν</strong></span> <span class='ocrx_word' id='word_1_232' title='bbox 569 3749 620 3814; x_wconf 86' lang='grc' dir='ltr'><strong>ἐπί</strong></span> <span class='ocrx_word' id='word_1_233' title='bbox 648 3749 690 3836; x_wconf 75' lang='grc' dir='ltr'><strong>ειβ</strong></span> <span class='ocrx_word' id='word_1_234' title='bbox 728 3753 859 3838; x_wconf 75' lang='grc' dir='ltr'><strong>τοιαύτην</strong></span> <span class='ocrx_word' id='word_1_235' title='bbox 888 3749 1032 3840; x_wconf 87' lang='grc' dir='ltr'><strong>ἀγριδίιρ,</strong></span> <span class='ocrx_word' id='word_1_236' title='bbox 1061 3757 1117 3818; x_wconf 84' lang='grc' dir='ltr'><strong>καί</strong></span> <span class='ocrx_word' id='word_1_237' title='bbox 1151 3755 1323 3840; x_wconf 78' lang='grc' dir='ltr'><strong>διορίζεται</strong></span> <span class='ocrx_word' id='word_1_238' title='bbox 1349 3759 1385 3820; x_wconf 88' lang='grc' dir='ltr'><strong>τό</strong></span> <span class='ocrx_word' id='word_1_239' title='bbox 1410 3757 1544 3840; x_wconf 86' lang='grc' dir='ltr'><strong>στέργον</strong></span> 
     </span>
     <span class='ocr_line' id='line_1_28' title="bbox 271 3873 1544 3968; baseline -0.001 -26"><span class='ocrx_word' id='word_1_240' title='bbox 271 3877 357 3966; x_wconf 83' lang='grc' dir='ltr'><strong>ἐχειν</strong></span> <span class='ocrx_word' id='word_1_241' title='bbox 381 3879 437 3941; x_wconf 89' lang='grc' dir='ltr'><strong>καί</strong></span> <span class='ocrx_word' id='word_1_242' title='bbox 461 3873 658 3940; x_wconf 84' lang='grc' dir='ltr'><strong>ἀδιάπτωτον</strong></span> <span class='ocrx_word' id='word_1_243' title='bbox 682 3879 766 3940; x_wconf 84' lang='grc' dir='ltr'><strong>κατὰ</strong></span> <span class='ocrx_word' id='word_1_244' title='bbox 789 3879 895 3949; x_wconf 86' lang='grc' dir='ltr'><strong>πάσας</strong></span> <span class='ocrx_word' id='word_1_245' title='bbox 918 3881 974 3949; x_wconf 85' lang='grc' dir='ltr'><strong>τὰς</strong></span> <span class='ocrx_word' id='word_1_246' title='bbox 997 3878 1180 3968; x_wconf 73' lang='grc' dir='ltr'><strong>περιλήψεις</strong></span> <span class='ocrx_word' id='word_1_247' title='bbox 1204 3875 1312 3967; x_wconf 75' lang='grc' dir='ltr'><strong>αὐτῆς,</strong></span> <span class='ocrx_word' id='word_1_248' title='bbox 1334 3875 1380 3968; x_wconf 74' lang='grc' dir='ltr'><strong>Ιὡς</strong></span> <span class='ocrx_word' id='word_1_249' title='bbox 1403 3889 1458 3944; x_wconf 81' lang='grc' dir='ltr'><strong>τοῦ</strong></span> <span class='ocrx_word' id='word_1_250' title='bbox 1483 3883 1544 3963; x_wconf 82' lang='grc' dir='ltr'><strong>μί-</strong></span> 
     </span>
    </p>
   </div>
   <div class='ocr_carea' id='block_1_6' title="bbox 271 3977 1544 4212">
    <p class='ocr_par' dir='ltr' id='par_1_6' title="bbox 271 3977 1544 4212">
     <span class='ocr_line' id='line_1_29' title="bbox 271 3977 1544 4092; baseline 0 -27"><span class='ocrx_word' id='word_1_251' title='bbox 271 3977 344 4086; x_wconf 74' lang='grc' dir='ltr'><strong>ροος</strong></span> <span class='ocrx_word' id='word_1_252' title='bbox 368 4010 424 4087; x_wconf 88' lang='grc' dir='ltr'><strong>τῆς</strong></span> <span class='ocrx_word' id='word_1_253' title='bbox 449 3999 629 4085; x_wconf 85' lang='grc' dir='ltr'><strong>σεβασμίας</strong></span> <span class='ocrx_word' id='word_1_254' title='bbox 654 4009 752 4086; x_wconf 80' lang='grc' dir='ltr'><strong>μονῆς</strong></span> <span class='ocrx_word' id='word_1_255' title='bbox 776 4009 836 4063; x_wconf 84' lang='grc' dir='ltr'><strong>τῶν</strong></span> <span class='ocrx_word' id='word_1_256' title='bbox 861 3997 997 4085; x_wconf 87' lang='grc' dir='ltr'><strong>Λέμβων</strong></span> <span class='ocrx_word' id='word_1_257' title='bbox 1023 3997 1216 4090; x_wconf 82' lang='grc' dir='ltr'><strong>ἀπερικάπου</strong></span> <span class='ocrx_word' id='word_1_258' title='bbox 1244 4000 1426 4092; x_wconf 83' lang='grc' dir='ltr'><strong>δφείλονευς</strong></span> <span class='ocrx_word' id='word_1_259' title='bbox 1456 4002 1544 4090; x_wconf 82' lang='grc' dir='ltr'><strong>ἐχειν</strong></span> 
     </span>
     <span class='ocr_line' id='line_1_30' title="bbox 271 4121 1544 4212; baseline 0.002 -25"><span class='ocrx_word' id='word_1_260' title='bbox 271 4127 328 4210; x_wconf 74' lang='grc' dir='ltr'><strong>τὴν</strong></span> <span class='ocrx_word' id='word_1_261' title='bbox 356 4126 468 4189; x_wconf 80' lang='grc' dir='ltr'><strong>τούτου</strong></span> <span class='ocrx_word' id='word_1_262' title='bbox 496 4123 609 4210; x_wconf 82' lang='grc' dir='ltr'><strong>νομὴν.</strong></span> <span class='ocrx_word' id='word_1_263' title='bbox 642 4133 701 4186; x_wconf 81' lang='grc' dir='ltr'><strong>τῶν</strong></span> <span class='ocrx_word' id='word_1_264' title='bbox 729 4123 765 4186; x_wconf 88' lang='grc' dir='ltr'><strong>δέ</strong></span> <span class='ocrx_word' id='word_1_265' title='bbox 793 4121 992 4212; x_wconf 86' lang='grc' dir='ltr'><strong>Ποταμηνῶν</strong></span> <span class='ocrx_word' id='word_1_266' title='bbox 1020 4121 1210 4212; x_wconf 72' lang='grc' dir='ltr'><strong>ὀφειλόντων</strong></span> <span class='ocrx_word' id='word_1_267' title='bbox 1240 4123 1289 4191; x_wconf 85' lang='grc' dir='ltr'><strong>ἐπὶ</strong></span> <span class='ocrx_word' id='word_1_268' title='bbox 1316 4139 1383 4201; x_wconf 78' lang='grc' dir='ltr'><strong>ταῖς</strong></span> <span class='ocrx_word' id='word_1_269' title='bbox 1408 4124 1544 4199; x_wconf 85' lang='grc' dir='ltr'><strong>οίκείαις</strong></span> 
     </span>
    </p>
   </div>
   <div class='ocr_carea' id='block_1_7' title="bbox 271 4243 1545 4583">
    <p class='ocr_par' dir='ltr' id='par_1_7' title="bbox 271 4243 1545 4583">
     <span class='ocr_line' id='line_1_31' title="bbox 272 4243 1544 4337; baseline 0.006 -23"><span class='ocrx_word' id='word_1_270' title='bbox 272 4245 446 4334; x_wconf 82' lang='grc' dir='ltr'><strong>ἀρκεῖσθαι</strong></span> <span class='ocrx_word' id='word_1_271' title='bbox 472 4259 677 4334; x_wconf 87' lang='grc' dir='ltr'><strong>παροικικαῐς</strong></span> <span class='ocrx_word' id='word_1_272' title='bbox 702 4243 921 4312; x_wconf 84' lang='grc' dir='ltr'><strong>ἀποστάσεσιν.</strong></span> <span class='ocrx_word' id='word_1_273' title='bbox 946 4245 996 4312; x_wconf 80' lang='grc' dir='ltr'><strong>ἐπὶ</strong></span> <span class='ocrx_word' id='word_1_274' title='bbox 1019 4250 1116 4334; x_wconf 85' lang='grc' dir='ltr'><strong>τούτῳ</strong></span> <span class='ocrx_word' id='word_1_275' title='bbox 1145 4248 1285 4330; x_wconf 84' lang='grc' dir='ltr'><strong>ἐγεγόνει</strong></span> <span class='ocrx_word' id='word_1_276' title='bbox 1309 4251 1352 4337; x_wconf 74' lang='grc' dir='ltr'><strong>τῷ</strong></span> <span class='ocrx_word' id='word_1_277' title='bbox 1375 4249 1463 4337; x_wconf 79' lang='grc' dir='ltr'><strong>μέρει</strong></span> <span class='ocrx_word' id='word_1_278' title='bbox 1486 4259 1544 4335; x_wconf 75' lang='grc' dir='ltr'><strong>της</strong></span> 
     </span>
     <span class='ocr_line' id='line_1_32' title="bbox 272 4367 1545 4462; baseline 0.001 -25"><span class='ocrx_word' id='word_1_279' title='bbox 272 4373 453 4459; x_wconf 82' lang='grc' dir='ltr'><strong>σεβασμίας</strong></span> <span class='ocrx_word' id='word_1_280' title='bbox 482 4381 579 4460; x_wconf 79' lang='grc' dir='ltr'><strong>μονῆς</strong></span> <span class='ocrx_word' id='word_1_281' title='bbox 603 4381 663 4435; x_wconf 80' lang='grc' dir='ltr'><strong>τῶν</strong></span> <span class='ocrx_word' id='word_1_282' title='bbox 686 4368 823 4459; x_wconf 78' lang='grc' dir='ltr'><strong>Λέμβων</strong></span> <span class='ocrx_word' id='word_1_283' title='bbox 848 4369 891 4446; x_wconf 83' lang='grc' dir='ltr'><strong>είς</strong></span> <span class='ocrx_word' id='word_1_284' title='bbox 916 4367 1093 4461; x_wconf 87' lang='grc' dir='ltr'><strong>ἀσφάλειαν</strong></span> <span class='ocrx_word' id='word_1_285' title='bbox 1122 4378 1178 4439; x_wconf 87' lang='grc' dir='ltr'><strong>καί</strong></span> <span class='ocrx_word' id='word_1_286' title='bbox 1201 4371 1218 4440; x_wconf 88' lang='grc' dir='ltr'><strong>δ</strong></span> <span class='ocrx_word' id='word_1_287' title='bbox 1241 4377 1348 4461; x_wconf 80' lang='grc' dir='ltr'><strong>παρὼν</strong></span> <span class='ocrx_word' id='word_1_288' title='bbox 1372 4385 1427 4462; x_wconf 83' lang='grc' dir='ltr'><strong>τῆς</strong></span> <span class='ocrx_word' id='word_1_289' title='bbox 1451 4376 1545 4458; x_wconf 83' lang='grc' dir='ltr'><strong>βασι·</strong></span> 
     </span>
     <span class='ocr_line' id='line_1_33' title="bbox 271 4493 650 4583; baseline -0.011 -20"><span class='ocrx_word' id='word_1_290' title='bbox 271 4497 361 4570; x_wconf 87' lang='grc' dir='ltr'><strong>λείας</strong></span> <span class='ocrx_word' id='word_1_291' title='bbox 385 4520 444 4583; x_wconf 92' lang='grc' dir='ltr'><strong>μου</strong></span> <span class='ocrx_word' id='word_1_292' title='bbox 468 4493 597 4582; x_wconf 81' lang='grc' dir='ltr'><strong>ἀρισμάς</strong></span> <span class='ocrx_word' id='word_1_293' title='bbox 620 4499 650 4577; x_wconf 92' lang='lat'><strong>†.</strong></span> 
     </span>
    </p>
   </div>
   <div class='ocr_carea' id='block_1_8' title="bbox 362 4653 1545 4742">
    <p class='ocr_par' dir='ltr' id='par_1_8' title="bbox 362 4653 1545 4742">
     <span class='ocr_line' id='line_1_34' title="bbox 362 4653 1545 4742; baseline 0.002 -22"><span class='ocrx_word' id='word_1_294' title='bbox 362 4654 521 4742; x_wconf 75' lang='grc' dir='ltr'><strong>γΕἶχι</strong></span> <span class='ocrx_word' id='word_1_295' title='bbox 558 4656 613 4719; x_wconf 61' lang='grc' dir='ltr'><strong>τά</strong></span> <span class='ocrx_word' id='word_1_296' title='bbox 650 4658 756 4741; x_wconf 86' lang='grc' dir='ltr'><strong>μηνί</strong></span> <span class='ocrx_word' id='word_1_297' title='bbox 789 4653 1049 4742; x_wconf 84' lang='grc' dir='ltr'><strong>ὶανουαρίιρ</strong></span> <span class='ocrx_word' id='word_1_298' title='bbox 1083 4655 1386 4734; x_wconf 82' lang='grc' dir='ltr'><strong>ίνδικτιῶνος</strong></span> <span class='ocrx_word' id='word_1_299' title='bbox 1416 4655 1545 4725; x_wconf 78' lang='grc' dir='ltr'><strong>ἐννά-</strong></span> 
     </span>
    </p>
   </div>
   <div class='ocr_carea' id='block_1_9' title="bbox 0 0 1621 5296">
    <p class='ocr_par' dir='ltr' id='par_1_9' title="bbox 0 0 1621 5296">
     <span class='ocr_line' id='line_1_35' title="bbox 0 0 1621 5296; baseline 0 0"><span class='ocrx_word' id='word_1_300' title='bbox 0 0 1621 5296; x_wconf 95' lang='lat' dir='ltr'><strong> </strong></span> 
     </span>
    </p>
   </div>
  </div>
 </body>
</html>
