3168 5274
273 261 337 326 326

271 454 403 534 εὔλογον
435 454 584 542 ἐχορήγει
612 458 655 541 τῷ
682 455 890 543 Καραντηνῳ,
920 457 952 533 ἐξ
979 456 1122 544 ἀνάγκης
1146 455 1267 543 ἥκομεν
1298 456 1342 530 τίς
1372 455 1528 543 ἐρωτήσεις

270 583 326 643 καί
354 583 384 642 τί
412 579 483 665 ε’ίπη
509 576 646 646 ἀκούσαι
670 578 702 662 ἐξ
726 580 920 668 ἐρωτήσεως·
950 577 1024 646 οὐδὲ
1054 585 1114 667 γὰρ
1142 579 1182 667 ήν
1204 577 1222 646 ὁ
1247 581 1289 666 μή
1320 579 1440 646 οίκείαν
1467 581 1529 662 βίαν

269 705 326 768 καί
349 700 497 789 ἁρπαγήν
521 703 554 778 ἐξ
577 701 692 790 όδύνης
718 705 899 792 καρδιακής
921 704 1080 794 όκφωνων.
1110 704 1204 770 ἄλλοι
1228 708 1284 791 μίν
1313 707 1373 791 γὰρ
1393 702 1528 790 οἰκημά-

271 845 331 890 των
359 829 415 890 καί
449 824 640 913 ἀμπελώνων
665 832 721 892 καί
749 827 813 893 ἔσω
849 829 908 904 ἔξω
931 829 1106 919 περιβόλων
1128 831 1185 894 καὶ
1218 828 1355 914 δίνδρων
1378 828 1449 911 βίαν
1480 831 1529 892 καί
1570 883 1571 888 ,

269 950 416 1036 ἁρπαγήν
446 946 660 1029 ὑπεδείκνυον,
684 949 789 1038 ἕτεροι
812 957 1029 1041 χωραφιαίων,
1054 952 1212 1032 ἐντοπίων,
1236 956 1441 1040 προαστείων,
1465 955 1528 1024 ίεο-

268 1075 446 1161 γηλατείων
475 1079 532 1139 καί
556 1075 675 1154 ἄλλων,
711 1073 753 1140 ὧν
777 1080 897 1162 γράψαι
924 1073 984 1144 οόκ
1013 1076 1097 1142 ἔστιν
1125 1074 1209 1149 όδός·
1243 1077 1303 1162 πρό
1331 1075 1438 1142 ποδων
1463 1072 1529 1162 ήμῑν

266 1195 405 1272 ἕκαστος
434 1195 536 1263 πότων
564 1197 622 1264 καί
648 1199 786 1285 τά“περί
821 1203 940 1266 τούτων
968 1200 1199 1288 όπιρρίττοντες
1234 1201 1446 1285 δικαιώματα.
1479 1201 1530 1264 καί

268 1345 322 1409 μοι
350 1325 463 1409 δίαμα
490 1319 633 1410 ήδιστον,
670 1322 704 1389 αί
730 1323 903 1412 ἐκκλησίαι
929 1327 1107 1408 κατεβόων,
1143 1327 1183 1390 τά
1210 1326 1410 1410 μοναστήρια
1443 1324 1528 1408 δίκην

269 1449 446 1526 σάλπιγγος
459 1447 625 1534 κατήχοσν
641 1447 841 1536 ἑκφωνοδσαι
861 1451 918 1522 τὰς
934 1457 989 1513 τού
1006 1447 1121 1535 ἀνδρὸς
1137 1449 1331 1534 τυραννίδας,
1356 1445 1487 1534 ὀρφανοί
1499 1467 1529 1508 τε

265 1570 324 1640 καί
350 1579 449 1657 χῆραι
475 1575 533 1636 καί
560 1572 596 1635 τό
624 1573 733 1638 λοιπόν
762 1583 823 1636 των
851 1570 1026 1660 ἀνθρώπων
1055 1573 1201 1660 σόστημεί
1227 1594 1262 1638 τε
1289 1575 1344 1638 καί
1371 1573 1529 1656 σύνταγμα

268 1693 400 1782 ἐθρήνει
422 1699 480 1781 μίν
504 1693 698 1782 ὁλοσχερῶς,
724 1697 745 1760 ἀ
767 1697 1001 1783 προπέπονθεν,
1024 1693 1183 1784 ἠγάλλετο
1204 1697 1244 1760 ’δὲ
1267 1699 1331 1762 καί,
1346 1695 1477 1782 ἔχαιρεν
1498 1696 1530 1758 τό

266 1823 467 1905 προαρπαγὲν
496 1820 756 1906 κληρωσάμενος.
784 1823 901 1886 τούτων
929 1819 1074 1885 ἀπόντων
1101 1829 1244 1908 φανερῶς
1279 1817 1529 1898 ἐπιγνωσδόντων

266 1939 340 2030 ἡμῖν
368 1954 408 2030 τῇ
432 1941 613 2030 ἀγαδότητι
636 1948 692 2008 καί
714 1945 827 2028 δικαίη
848 1949 954 2030 κρίσει
982 1952 1037 2008 τοῦ
1059 1950 1230 2030 κρατίστου
1256 1939 1345 2030 ήμῶν
1374 1937 1530 2026 αὐτοκρά-

266 2086 358 2151 τορος
383 2077 489 2135 πᾶσαν
513 2068 567 2152 τήν
590 2071 841 2152 πρυγενεστόραν
871 2067 1007 2152 ἀκβίας
1034 2067 1163 2134 ἀδικίαν
1186 2065 1369 2153 ὁλοσχερῶς
1397 2066 1528 2132 κατελύ-

267 2209 368 2275 σαμεν
402 2193 458 2254 καί
486 2189 611 2254 δικαίου
647 2187 809 2256 ἀνάκτισιν
844 2194 1074 2279 πεποιήκαμεν,
1111 2189 1436 2277 ἀποκαταστήσοντας
1462 2189 1530 2260 τούς

267 2311 387 2386 ἀδίκως
411 2311 686 2399 ἀλλοτριωθόντας
711 2313 748 2378 ἐκ
771 2325 832 2379 τῶν
852 2303 977 2380 οἰκείων
999 2317 1193 2401 πραγμάτων
1216 2316 1301 2382 κατὰ
1324 2317 1382 2388 τός
1403 2313 1530 2399 περιλή-

266 2441 335 2523 ψεις
363 2447 422 2500 των
450 2440 628 2522 προσόντων
652 2432 758 2512 αὐτοῖς
781 2439 932 2524 χαρτῴων
960 2439 1196 2524 δικαιωμάτων,
1220 2440 1313 2504 καδά
1336 2439 1375 2524 δή
1398 2441 1457 2503 καί
1479 2437 1529 2524 τήν

266 2561 502 2649 διαληφδεῖσαν
536 2558 629 2641 ἁγίαν
657 2563 766 2648 μονήν.
801 2564 917 2647 ταύτην
945 2565 1003 2648 μὲν
1030 2558 1086 2628 οὖν
1120 2555 1157 2626 ού
1191 2563 1290 2647 μόνον
1322 2559 1365 2634 ἀς
1393 2561 1531 2628 ἔκπαλαι

258 2681 401 2770 ἀπείρων
429 2687 549 2771 χρόνων
581 2685 797 2764 δεσπόίοοσαν
817 2688 860 2750 τό
890 2683 922 2750 ἐν
948 2695 988 2773 τῇ
1015 2683 1157 2772 Λαρόμιρ
1183 2683 1315 2754 ἀλαίκόν
1345 2689 1529 2771 προάστειον

259 2805 586 2895 ἀποκατεστήσαμεν,
623 2807 837 2895 ἀρκεσθέντες
861 2808 908 2882 εἰς
941 2813 980 2876 τά
1006 2810 1267 2896 προκομισύόντα
1301 2805 1373 2895 ήμδν
1400 2808 1529 2896 χαρτήα

265 2925 468 3019 δικαιώματα
493 2936 550 2998 καί
585 2931 711 3007 εἰςτὰς
736 2935 922 3020 συμφήμους
950 2933 1123 3020 μαρτυρίας
1151 2943 1211 3000 τῶν
1237 2931 1443 3020 Λαρομιτιδν,
1478 2940 1530 2996 τοῦ

259 3057 497 3141 παντερωτάτσυ
522 3057 695 3121 ίπισκόποο
715 3053 916 3138 Νεαπόλεως,
940 3065 1038 3142 κυρσύ
1058 3054 1207 3136 Λίοντος,
1231 3067 1292 3124 των
1316 3058 1532 3140 δεουεβεστά-

263 3199 324 3246 των
347 3177 467 3266 ἰτρίων,
501 3189 555 3245 τού
578 3189 774 3267 πρωτοπαπᾱ
796 3189 893 3268 κυροδ
917 3179 1080 3268 Στεφάνου
1100 3180 1349 3260 τούΜανουλά,
1378 3189 1435 3246 τοῦ
1459 3181 1530 3244 δευ-

263 3303 454 3388 τερεύοντες,
476 3311 574 3390 κυρού
597 3301 738 3390 Νικήτα,
766 3311 822 3368 τού
845 3305 1101 3389 κοοροπαλοίτοσ,
1124 3313 1222 3392 κυροδ
1243 3303 1445 3392 Νικηρόρου,
1476 3311 1528 3368 τοῦ

266 3425 502 3511 ἀνδρικωτάτσυ
525 3437 622 3513 κυροό
645 3425 799 3514 Πανουήλ
821 3433 877 3492 τού
902 3425 1073 3506 Μανδολό,
1101 3437 1156 3496 τοό
1180 3427 1418 3514 ἀνδρικωτάτσυ
1441 3427 1531 3494 Κων-

254 3549 428 3638 σταυςίνου
455 3559 510 3615 τού
538 3550 713 3638 Ματίούκη
740 3555 797 3616 καί
824 3562 884 3616 των
912 3553 1028 3618 λοιπῶν
1053 3550 1214 3632 ἁπάντων,
1239 3551 1323 3620 ἀλλὰ
1346 3551 1404 3618 καί
1426 3550 1530 3638 ὥσπερ

263 3670 281 3737 ό
310 3671 344 3737 ἐν
368 3673 556 3756 βασιλεῦσινΙ
579 3673 727 3760 ἀοίδιμος
751 3683 811 3761 κύρ
833 3673 925 3759 Δίων
948 3673 965 3741 ό
988 3675 1092 3764 Σσφός
1118 3675 1161 3762 τῷ
1185 3679 1266 3763 δείιρ
1290 3687 1345 3744 τοῦ
1372 3697 1528 3744 πανοσια-

263 3799 360 3860 πάτου
388 3795 517 3862 Παύλου
544 3799 740 3883 πυρούμενος
769 3798 862 3885 ἔρωτι
888 3797 943 3865 διὰ
970 3801 1215 3887 χρυσοβοόλλων
1242 3801 1347 3880 λόγων
1375 3802 1432 3887 τήν
1459 3803 1529 3866 κατ’

168 3964 171 3972 ,
265 3917 360 3985 αὐτόν
384 3917 478 4000 ἁγίαν
503 3923 600 4008 μονήν
623 3922 787 4010 διαφόροις
809 3927 1017 4010 περιετείχισε
1041 3927 1211 4012 κτήμασιν,
1235 3921 1334 3998 ούτως
1357 3927 1414 3990 καί
1435 3921 1529 3990 νδνὸ

264 4045 411 4130 δεύτερος
441 4043 474 4108 ἐν
497 4049 594 4133 σοφία
621 4043 745 4111 όκείνου
779 4049 836 4114 καί
857 4051 1027 4134 κράτιστος
1050 4043 1210 4138 αόδίντης
1243 4045 1332 4136 ήμων
1355 4050 1411 4114 καί
1440 4049 1531 4131 βασι·

264 4169 349 4246 λεύς,
373 4177 433 4256 κόρ
448 4167 617 4248 Ἰσαάκιος,
641 4166 659 4234 ὁ
674 4167 845 4250 Ἄγγελος,
861 4171 972 4238 όδόλιι
994 4175 1051 4237 καί
1068 4173 1217 4256 βούλεται
1232 4173 1288 4260 τήν
1312 4170 1417 4242 αύτού·
1434 4169 1529 4252 άγίαν

262 4294 364 4380 μονήν
386 4295 441 4380 τήν
466 4291 500 4357 ἐν
522 4289 659 4382 νήιύρειΙ
677 4303 733 4360 τοό
756 4291 862 4373 Ἀγίου
885 4294 1015 4378 Παύλου
1039 4305 1094 4382 τφδ
1114 4293 1243 4384 Λάτρου
1267 4295 1312 4370 είς
1335 4298 1392 4383 τήν
1413 4293 1529 4381 προτό-

264 4437 321 4501 ραν
345 4419 472 4504 φδοίοαι
496 4415 773 4496 ἀποκατάστασιν,
798 4419 849 4483 διό
871 4421 929 4482 καί
949 4420 1003 4484 διά
1026 4427 1081 4485 τοδ
1104 4423 1260 4506 παρόντος
1281 4416 1531 4506 ήμωνιδιαγνω-

266 4547 376 4606 στικοδ
405 4545 629 4628 σημειιόματος
658 4539 927 4628 ἀποκαδιττωμεν
950 4543 1005 4629 τήν
1030 4543 1207 4630 σεβασμίαν
1235 4541 1329 4624 ἀγίαν
1353 4544 1451 4630 μονήν
1475 4543 1531 4628 τήν

266 4663 299 4726 όν
330 4665 372 4748 τῷ
394 4661 460 4748 ὄρει
484 4671 538 4730 τοό
562 4662 670 4743 Ἃγίου
695 4663 824 4732 Παύλου
847 4675 903 4730 τοῦ
926 4664 958 4730 όν
983 4665 1025 4752 τῷ
1048 4665 1178 4752 Λάτριρ,
1205 4665 1251 4732 ἀπ’
1275 4665 1408 4754 όνύριαττ
1431 4689 1528 4752 τιμω-
