3168 5274
254 254 319 321 362

253 452 325 534 περί
352 455 537 528 γυναικείας
565 447 689 539 μονῆς,’
715 447 792 537 ότερ
819 449 944 538 ἀληθὲς
972 447 1007 516 όν
1030 453 1180 536 πρότερον
1215 459 1266 516 νῦν
1291 448 1406 534 ἑτόρως
1442 447 1524 533 ἕχον

255 569 447 658 εὑρίσκεται.
478 572 605 660 ἀνδρηῑα
628 578 690 659 γάρ
715 573 785 660 ἀρτι
808 575 1007 640 καθίσταται
1035 576 1291 662 μεταμειφθείσα
1315 577 1361 658 ’τη
1385 573 1525 658 θελήσει

255 705 316 762 τῶν
339 699 502 784 κτητόρων
527 694 644 776 αότιῦν,
671 697 687 762 δ
711 696 793 786 δῆτα
815 703 872 764 καί
895 697 1071 783 ἐπιβεβαιοῐ
1092 703 1150 763 καί
1175 703 1278 784 μόνειν
1302 693 1383 762 υότω
1407 699 1526 760 θεσπί-

257 826 305 896 tu
329 817 388 886 ’καί
416 819 461 894 εὶς
487 824 523 886 τό
558 817 630 909 ἑξῆς
653 825 689 887 τό
717 826 848 902 γεγονός
877 819 962 908 αότῷ
988 823 1226 908 χρυσόβυυλλυν
1260 831 1315 886 τοῦ
1349 823 1525 886 θειοτάτου

257 945 413 1030 βασιλέως
430 956 489 1010 τῶν
502 943 608 1010 ἀλλων
625 945 786 1012 ἀπυλυθίν
802 943 944 1032 όστερον.
961 945 1110 1013 Conditor
1122 943 1241 1011 codicis
1253 943 1333 1010 haee
1343 943 1525 1010 addiderat.

345 1068 567 1172 Παραινοῦμεν
588 1067 687 1134 ἅπασι
707 1081 772 1145 τοῖς
788 1069 831 1155 τῷ
849 1073 982 1156 παρόντι
997 1067 1086 1157 ήμιῦν
1102 1071 1246 1155 σιγιλλίιρ
1267 1067 1525 1154 ἐντυγχάνουσιν.

258 1193 395 1281 ἀρχουσι
406 1195 580 1268 πολιτικοῖς
591 1197 647 1258 ιιαί
663 1192 943 1281 ἐκκλησιαστικαῖς
958 1197 1146 1278 προσώποις,
1166 1194 1286 1280 μηδίνα
1300 1202 1359 1257 τῶν
1376 1189 1526 1256 ἀπάντων

257 1317 466 1402 καινοτομίαν
490 1315 511 1406 ή
536 1318 659 1404 βλάβην
682 1315 702 1404 ή
727 1319 782 1404 τήν
806 1325 966 1403 τυχοῦσαν
987 1315 1135 1403 ἐπήρειαν
1160 1315 1336 1397 ἀπενεγκεῖν
1357 1313 1401 1400 τῷ
1426 1316 1460 1378 ίιν
1485 1313 1528 1398 τῷ

257 1439 324 1528 όριι
340 1451 396 1530 τῆς
407 1443 662 1528 Δρυανυυβαίνης
677 1439 709 1506 ἐν
726 1445 811 1526 τόπῳ
828 1439 871 1527 τῷ
886 1441 1078 1526 καλυυμίνφ
1095 1449 1150 1506 τοῦ
1166 1439 1372 1526 Ἀρχοντίτίη
1391 1438 1528 1518 ἔγγιστα

258 1575 314 1632 τοῦ
343 1575 463 1652 μικροῦ·
486 1565 644 1631 Πλιασίυυ
667 1563 724 1630 καὶ
752 1574 807 1652 της
835 1565 963 1652 Φερράς
991 1563 1029 1630 ἐκ
1054 1566 1183 1651 βάθρων
1212 1561 1325 1648 ἀνεγερ
1349 1565 1525 1649 θησομόνῳ

256 1692 341 1774 θείῳ
358 1688 450 1776 σηκηῐ
472 1687 520 1754 ἐπ’
537 1687 670 1776 όνόματι
693 1697 747 1754 τοῦ
765 1693 869 1775 τιμίου
883 1691 1046 1777 προφήτου
1068 1689 1278 1774 προ[δρόμυυ]
1297 1737 1305 1752 .
1322 1738 1329 1752 .
1347 1737 1355 1752 .
1373 1737 1381 1752 .
1397 1685 1425 1766 “)
1438 1707 1525 1771 γαμ-

259 1816 336 1900 βροῦ
360 1821 415 1879 τοῦ
438 1820 592 1898 κραταιοῦ
608 1817 664 1878 καί
687 1809 780 1892 ἁγίου
802 1809 893 1900 ήμῶν
915 1809 1074 1878 αόθόνπυυ
1097 1816 1153 1876 καί
1177 1813 1332 1896 βασιλίως
1350 1809 1524 1896 Κυμνηνοῦ

260 1937 369 2003 Δοόυα
381 1935 549 2019 Ἀγγόλυυ,
566 1945 663 2022 κυροῦ
674 1934 840 2002 Νικολάου
852 1945 906 2000 τοῦ
918 1935 1139 2022 Μαλιασηνυῦ,
1156 1939 1212 2000 καί
1228 1945 1284 2021 τῆς
1296 1931 1525 2019 εὐγενεστάτης

120 2127 121 2130 ,
174 2151 176 2156 Α
259 2061 395 2147 συμβίου
413 2056 509 2125 αότυῦ
530 2058 708 2146 Κομνηνής·
723 2057 901 2146 Δαυκαίνης
924 2069 1023 2143 κοράς
1044 2057 1165 2146 Ἄννης
1186 2067 1241 2144 τῆς
1269 2057 1527 2143 Παλαιολογίνης

257 2181 278 2271 ἢ
304 2195 373 2256 ταῖς
397 2185 590 2269 μελλούσαις
610 2185 866 2270 προσκαθῆσθαι
882 2179 914 2246 ἐν
939 2177 1024 2268 αότῴ
1051 2194 1208 2270 μοναχαίς
1231 2180 1251 2269 ἢ
1276 2193 1340 2254 τοῖς
1360 2181 1527 2267 διαδόχοις

261 2311 319 2374 καί
330 2309 543 2395 κληρονόμοις
557 2315 612 2386 τοῦ
628 2307 808 2392 δυμήτυρυς
821 2309 915 2392 χάριν
932 2305 1124 2391 εἰσπράξεως
1140 2315 1312 2390 κανονικής
1328 2304 1348 2393 ἢ
1365 2317 1431 2376 τοῖς
1445 2301 1528 2390 αότῷ

259 2429 507 2520 διαφόρουσινή
543 2440 607 2505 τοῖς
630 2435 774 2517 κτήμασι
808 2439 862 2494 τοῦ
886 2437 976 2494 ναοῦ·
1011 2430 1073 2516 χρὴ
1098 2434 1159 2516 γάρ
1183 2431 1236 2494 τόν
1264 2427 1358 2515 ἔντη
1393 2431 1526 2514 τοιαότη

260 2566 342 2643 μονή
372 2553 594 2641 ἱερουργοῦντα
622 2553 708 2640 ἱερέα
735 2555 790 2642 τήν
817 2555 1031 2640 πνευματικήν
1061 2549 1261 2618 ἀκολουθίαν
1291 2551 1527 2638 ἀνεμποδίστως

257 2680 423 2745 ποιεῖσθαι
450 2685 506 2744 καί
534 2681 577 2766 μή
602 2698 689 2752 τινας
712 2676 865 2766 όχλήσεις
893 2687 952 2743 τῶν
980 2687 1143 2764 κοσμικόν
1172 2678 1324 2764 ἑπηρειῦιν
1353 2677 1523 2763 δέχεσθαι,

260 2799 331 2870 ἀλλ’
365 2800 477 2868 ἀνετυν
515 2803 801 2891 διαφυλάττεσθαι
829 2805 886 2867 καί
925 2800 1163 2889 ἀνεπηρέαστον
1201 2802 1429 2888 διατηρείσθαι
1468 2810 1524 2864 τῦν

260 2927 415 3012 βιωτικῶν
441 2930 655 3012 περιστάσεων
677 2927 723 2992 ’ἔκ
747 2949 781 2992 τε
806 2935 866 2990 τιῦν
890 2924 995 2990 ἀλλων
1019 2928 1076 2990 καί
1103 2921 1201 2989 αότοῦ
1229 2933 1285 2989 τοῦ
1309 2927 1394 2990 κατά
1417 2928 1524 3010 χάραν

260 3047 444 3139 ἀρχιερέωςΙ
462 3051 618 3136 μηδαμῶς
646 3048 788 3136 ἐνοχλεῖν
817 3061 882 3121 τοῖς
897 3049 1150 3135 Ιπατριαρχικοίς
1178 3046 1316 3122 δικαίοις
1343 3045 1525 3136 όφείλοντυς
1574 3093 1575 3096 ,

259 3174 281 3263 ή
305 3174 517 3263 είσόρχεσθαι
540 3172 572 3240 ἐν
596 3171 680 3259 αὐτῷ
706 3177 800 3260 χάριν
824 3183 884 3238 τῶν
907 3179 1050 3260 ψυχικῶν
1079 3172 1271 3261 σφαλμάτων
1298 3169 1319 3258 ἦ
1348 3169 1524 3257 ἀνακρίνειν

261 3303 318 3374 τάς
342 3297 375 3363 ἀν
398 3295 484 3386 αὐτῷ
515 3300 789 3386 αρυσκαθημόνας
813 3299 848 3362 τό
873 3299 1004 3364 σύνολον
1028 3299 1185 3383 μοναχάς,
1220 3293 1264 3370 dc
1290 3305 1345 3362 τοῦ
1368 3304 1448 3362 ναοῦ
1471 3299 1524 3360 καί

261 3431 322 3488 τιῦν
350 3420 400 3490 ὑπ’
424 3417 521 3490 αότόν
543 3427 668 3488 πάντων
691 3432 826 3509 κινητῦν
853 3425 909 3488 καί
932 3419 1088 3508 ἀκινήτων
1116 3418 1334 3506 ἀνακειμένων
1360 3431 1400 3506 τῇ
1424 3417 1523 3500 ἁγιω-

261 3551 342 3634 τάτή
366 3549 493 3632 μεγάλη
526 3557 581 3612 τοῦ
616 3541 697 3612 θεοῦ
732 3544 901 3633 ἐκκλησία.
937 3543 1009 3612 όσοι
1042 3549 1157 3622 τοίνυνΙ
1180 3555 1218 3631 ιη
1253 3542 1405 3632 ἐγγράφῳ
1439 3539 1524 3631 ήμῦν

261 3673 476 3758 παρτγγυήσει
509 3668 717 3756 όντυγχάνιτε
752 3675 908 3757 στατηγυί
936 3691 970 3734 τε
1000 3671 1080 3734 λαοῦ
1115 3673 1172 3736 καί
1205 3671 1395 3755 καθηγηταί
1429 3671 1523 3734 θείων

260 3799 319 3862 καί
345 3794 436 3882 ἱτριῦν
464 3793 657 3884 όκκλησιιῦν,
692 3793 753 3860 είτε
777 3799 833 3861 καί
856 3795 911 3882 τήν
935 3806 994 3859 τῦν
1022 3793 1164 3880 ἐξάρχων
1192 3791 1262 3880 παρ’
1291 3789 1379 3881 ήμῦν
1409 3789 1523 3857 ἀναδε-

261 3921 412 4007 δεγμόνυι
435 3913 586 4008 φροντίδα
608 3915 630 4004 ή
653 3915 696 3989 ὥς
719 3917 806 3992 εἰκός
830 3915 862 3982 ἀν
886 3913 1010 4004 ἐτόραις
1037 3915 1324 4004 όκκλησιαστικαῖς
1347 3915 1522 3984 διακονίαις

265 4041 538 4129 ἀποστελλόμενοι
564 4045 705 4130 τόχοιτε,
734 4041 778 4114 είς
802 4042 1002 4128 όνιπλήρωσιν
1026 4043 1143 4128 ταύτης
1170 4041 1362 4127 διανόστητε
1385 4043 1442 4104 καί
1465 4059 1522 4123 μη-

265 4167 377 4255 δεμίαν
404 4165 555 4256 ἐπήρειαν
588 4168 860 4253 κατατυλμήσητι
887 4163 907 4252 ή
943 4163 1058 4252 ζημίαν
1081 4162 1102 4251 ἢ
1127 4165 1249 4252 βλάβην
1276 4161 1297 4251 ἢ
1321 4165 1523 4247 καινοτομίαν

264 4291 285 4380 ή
314 4290 484 4378 ἀπαίτησιν
509 4293 595 4376 λόγῳ
624 4293 801 4379 συνηθειιῦν
829 4287 849 4378 ή
877 4297 1050 4354 κανονικυῦ
1076 4292 1293 4376 ποιήσασθαι,
1318 4299 1358 4375 τη
1386 4286 1524 4360 ἐπιδείξει

266 4417 348 4504 μόνη
376 4415 569 4503 ἀρκοόμενοι
596 4425 652 4481 τοῦ
680 4419 836 4502 παρόντος
860 4411 1015 4494 σιγιλλίυυ
1037 4421 1094 4500 τῆς
1121 4409 1210 4500 ήμιῦν
1245 4415 1459 4499 μετριότητος.
1491 4406 1522 4472 ἐ·
1552 4493 1553 4497 ¹

266 4546 372 4631 γράφη
396 4545 452 4606 καί
474 4542 653 4629 σφαγισθίν
678 4537 819 4624 ἀπεδόθη
843 4543 918 4626 μηνί
939 4537 1117 4623 δεκεμβρίιρ
1140 4535 1198 4604 ίνδ.
1239 4583 1247 4600 .
1296 4585 1303 4600 .
1352 4587 1360 4601 .
1409 4587 1416 4600 .
1463 4585 1471 4598 .
1512 4579 1518 4594 .

308 4657 311 4662 “
762 4644 898 4730 Reliqua
913 4642 1034 4712 dosunt„

359 4753 385 4838 ¹)
402 4759 553 4814 Εαιοίεεαι
567 4768 635 4813 sunt
650 4759 741 4814 lineae
758 4769 821 4816 ίταε.
