3140 5306
251 209 316 272 248

250 397 371 486 ὁρισμῷ
388 406 443 462 τού
461 403 639 484 μακαρίτου
661 401 778 486 πατρὸς
794 407 849 484 της
866 398 1033 482 βασιλείας
1057 419 1126 483 μου,
1143 401 1199 462 καί
1216 394 1314 484 ἐτέθη
1330 400 1386 464 καὶ
1408 399 1529 481 πρόσ-

251 542 350 610 τιμον,
379 524 582 610 ζημιωθῆναι
608 523 736 595 τούτους
763 523 817 587 τὸν
845 520 956 588 Πόθον
983 525 1040 586 καί
1062 521 1134 595 τούς
1158 521 1213 585 σύν
1238 515 1322 606 αύτῷ
1344 519 1530 606 ἐσύστερον

251 643 411 732 ύπὲρπυρα
427 646 526 732 χίλια,
550 643 579 710 εὶ
595 647 637 732 μη
661 643 821 710 ἀποστῶσι
844 647 1043 711 δυναστεύειν
1067 647 1139 718 τούς
1163 647 1336 732 μοναχούς,
1356 645 1451 708 πάλιν
1476 644 1530 706 δὲ

252 771 496 836 δυναστεύονται
516 766 588 854 παρ’
613 765 715 834 αύτων
738 772 793 832 καί
817 765 1018 833 ἀπειλούνται
1046 766 1076 832 οἱ
1102 778 1240 835 τοιούτου
1261 779 1324 842 τοῖς
1348 778 1528 854 μοναχοῑς,

252 891 295 968 ὣς
318 891 356 958 ἀν
380 888 492 978 εύρωσί
519 911 588 957 τινα
616 889 648 967 ἐξ
677 887 778 956 αύτύιν
800 889 820 978 ἣ
845 891 890 965 είς
912 893 967 978 τήν
991 901 1049 977 γῆν
1071 889 1092 977 ἢ
1117 891 1161 964 εἰς
1185 895 1223 956 τά
1247 889 1401 978 ἀμπέλια,
1429 888 1526 974 ἅπερ

255 1016 342 1106 εἶχον
368 1027 489 1103 πρῶτον
517 1011 724 1104 ἀμφιβολίαν,
752 1011 805 1081 ἵνα
828 1016 1020 1101 φονεύσωσιν
1044 1007 1148 1079 αύτόν.
1174 1011 1258 1078 ἀλλὰ
1285 1018 1366 1087 τινὲς
1388 1015 1531 1078 τοπικοί

251 1137 470 1226 ἀπανέστησαν
498 1135 613 1217 αὐτοῖς,
648 1141 705 1204 καί
731 1149 898 1224 πειρῶνται
922 1135 1073 1224 ἁρπάζειν
1105 1136 1167 1204 ἀπό
1202 1148 1261 1202 των
1296 1134 1530 1204 ύποοτατικῶν

119 1309 121 1316 -
253 1257 367 1338 αὐτῶν,
393 1267 450 1328 καὶ
479 1259 661 1348 ἐδεήθησαν
689 1265 760 1346 περὶ
779 1263 889 1326 τούτου
917 1271 972 1349 τῆς
1000 1262 1164 1346 βασιλείας
1187 1283 1259 1348 μου.
1283 1258 1350 1326 ἐπεὶ
1373 1268 1450 1340 γοῦν
1477 1259 1530 1324 τὰ

251 1389 483 1474 προστάγματα
504 1388 560 1449 καί
580 1388 619 1450 τὰ
643 1385 738 1450 λοιπὰ
757 1385 965 1471 δικαιώματα,
989 1383 1068 1471 άπερ
1092 1385 1220 1472 ἔχουσιν
1241 1383 1271 1450 οἱ
1293 1392 1431 1450 τοιοῦτοι
1457 1405 1529 1469 μο-

252 1511 356 1596 ναχοί,
380 1505 588 1595 ἀναντίρρητοί
612 1507 682 1586 εἰσι,
706 1511 763 1573 καὶ
784 1509 939 1583 πολλάκις
963 1507 1213 1598 ἐπιφωνηθὲντες
1236 1505 1254 1574 δ
1278 1507 1389 1581 Πόθος
1408 1505 1472 1572 καί
1489 1504 1528 1571 οἱ

254 1633 311 1700 σύν
334 1627 418 1719 αύτῷ
440 1629 570 1718 ἀπέχειν
591 1640 646 1718 της
667 1630 711 1705 είς
735 1627 850 1706 αύτούς
872 1631 1067 1710 δυναστείας,
1091 1637 1148 1698 καί
1171 1627 1207 1697 ού
1223 1634 1398 1716 πείθονται,
1426 1628 1525 1696 ἀλλὰ

252 1757 345 1824 πάλιν
368 1754 500 1844 ἤρξαντο
523 1757 558 1820 τά
582 1755 782 1820 δυναστεύειν
804 1759 861 1819 καί
888 1753 1091 1821 ἀπειλείσθαι
1114 1751 1242 1832 αύτούς,
1266 1757 1439 1841 διορίζεταί
1463 1777 1525 1820 σοι

251 1878 273 1968 ἡ
296 1880 445 1965 βασιλεία
468 1901 538 1966 μου,
562 1875 605 1953 ὡς
629 1876 666 1944 ἀν
690 1876 891 1966 ἐπιφωνήσης
913 1882 970 1942 καί
993 1879 1030 1943 σύ
1058 1875 1172 1952 αύτούς
1200 1876 1330 1966 ἀπέχειν
1353 1877 1387 1954 ἐξ
1410 1873 1526 1943 αὐτῶν

186 2083 187 2088 ¹
253 2006 309 2068 καί
339 2001 401 2068 ἀπύ
424 2009 479 2088 τῆς
502 2009 562 2088 γῆς
584 2005 641 2066 καί
664 2011 724 2066 τιίιν
747 1999 907 2088 ἀμπελίων
931 1997 1047 2080 αὐτῶν,
1071 2001 1116 2076 εἰς
1140 2002 1161 2066 ἃ
1182 2003 1339 2075 πολλάκις
1362 1999 1429 2088 μετ’
1453 1996 1526 2065 αύ-

252 2137 313 2192 τιῐιν
335 2125 522 2211 ἐκρίθησαν,
546 2123 573 2188 εἰ
596 2125 631 2188 δὲ
650 2124 696 2188 ἔτι
711 2129 923 2211 προσμένουσι
943 2135 985 2212 τη
999 2125 1177 2210 δυναστεία,
1198 2127 1375 2212 παιδεύσῃς
1399 2120 1527 2198 αύτούς

252 2253 309 2316 καί
331 2252 572 2336 προσηκόντως,
600 2245 681 2312 ὥστε
705 2250 761 2313 καὶ
785 2249 827 2334 μὴ
857 2249 1068 2334 βουλομένους
1089 2257 1210 2314 παῦσαι
1237 2257 1293 2334 τῆς
1316 2249 1525 2326 δυναστείας,

253 2375 309 2440 καί
331 2373 541 2460 δεφενδεύσης
564 2376 720 2446 παντοίως
747 2372 818 2446 τούς
843 2373 1005 2458 μοναχούς
1029 2371 1072 2446 τίς
1095 2375 1131 2437 τύ
1155 2373 1197 2459 μη
1228 2368 1327 2458 εύρείν
1351 2369 1384 2448 ἐξ
1412 2368 1526 2436 αύτῶν

253 2497 308 2582 τήν
335 2503 494 2582 τυχοῦσαν
521 2495 708 2561 δυναστείαν
730 2493 751 2583 ἢ
775 2492 924 2582 ὄχλησιν,
950 2493 1158 2583 ἀποσοβησης
1181 2497 1216 2560 δὲ
1240 2500 1297 2561 καί
1323 2496 1396 2570 τούς
1424 2517 1525 2562 τοπι-

253 2619 331 2692 κούς
354 2618 426 2690 τούς
448 2622 660 2704 πειρωμένους
683 2616 849 2705 ἁρπάζειν,
873 2613 926 2707 ἀρ’
950 2616 992 2684 ὧν
1017 2620 1161 2706 ἔχουσιν,
1186 2618 1270 2684 ἀλλὰ
1294 2619 1376 2706 μηδὲ
1400 2621 1435 2683 τύ
1460 2624 1528 2705 μό-

253 2764 306 2830 ρος
331 2763 388 2808 σου
405 2739 510 2808 ἀδικεῖ
532 2738 656 2821 αύτούς,
681 2741 726 2816 εἰς
743 2739 823 2828 άπερ
847 2739 905 2808 ούκ
929 2740 968 2829 ἦν
992 2745 1147 2830 συνήθεια
1167 2740 1375 2828 ἐνοχλεῖσθαι
1398 2739 1524 2816 αὐτοῖς.

255 2865 387 2954 θίλημα
410 2867 471 2952 γὰρ
495 2865 566 2951 ἔχει
588 2861 608 2952 ἡ
634 2863 781 2949 βασιλεία
798 2887 858 2951 μου
882 2869 1021 2951 στέργειν
1044 2869 1083 2929 τὰ
1106 2869 1263 2952 προσόντα
1286 2877 1325 2954 τῇ
1351 2878 1431 2954 μονη
1456 2868 1527 2932 αύ-

254 2999 314 3054 των
337 2962 560 3076 χρυσόβουλλα
582 2992 639 3053 καί
662 2990 757 3052 λοιπὰ
785 2989 987 3074 δικαιώματα
1010 2993 1224 3063 καταπάσας
1252 2993 1309 3064 τὰς
1334 2991 1526 3076 περιλήψεις

255 3109 365 3180 αύτιίιν.
403 3117 459 3177 καί
485 3117 618 3199 ποίησον
652 3108 732 3177 ούτω
766 3116 822 3176 καί
858 3109 1059 3198 ἀντίστρεψον
1087 3113 1129 3197 τῷ
1166 3111 1255 3199 μόραι
1281 3124 1335 3200 της
1369 3114 1528 3199 τοιαύτης

256 3247 354 3324 μονης
377 3240 434 3301 καί
456 3239 509 3301 τόν
531 3239 672 3321 παρόντα
699 3232 827 3320 ὁρισμὸν
851 3243 906 3320 τῆς
930 3236 1095 3318 βασιλείας
1123 3257 1185 3322 μου
1208 3235 1253 3308 είς
1285 3233 1464 3324 ἀσφάλειαν
1491 3241 1524 3316 †.

342 3357 495 3444 βΕἶχε
520 3361 576 3423 τύ·
602 3360 709 3444 μηνὶ
732 3355 847 3443 μαΐιρ
874 3357 954 3423 ὶνδ.
985 3359 1034 3421 ιδ’
1065 3355 1115 3423 δι’
1144 3357 1350 3444 ἐρυθρῶν
1378 3379 1524 3444 γραμ-

255 3485 506 3569 μάτωντης
531 3481 1050 3567 βασιλικῆςκαίθείας
1073 3485 1286 3567 χειρόςγ.

540 3671 629 3742 ch.
648 3673 724 3739 Sine
739 3693 829 3751 anno,
845 3693 952 3740 menso
966 3673 1062 3754 iunio,
1080 3673 1145 3741 ind.
1160 3675 1226 3742 XV.

253 3823 418 3895 Imperator
429 3824 570 3892 permittit
588 3824 770 3885 αιυτιαιίατίο,
792 3833 825 3877 ut
843 3823 1007 3878 introducat
1023 3827 1054 3879 ι’τι
1066 3825 1261 3895 possessiones
1276 3841 1345 3878 σεται
1361 3825 1523 3895 inquilinos

749 3945 861 4002 tributis
877 3957 1025 4019 exemptos.

342 4093 588 4184 †‘'Etspov
637 4101 913 4184 πρόσταγμα
963 4095 1311 4183 ἐπικυρωτικύν
1356 4097 1423 4174 εὶς
1472 4105 1521 4166 τύ

253 4223 681 4308 προσκαθίσασθαι
719 4221 877 4297 Είνους
913 4224 991 4284 καὶ
1030 4221 1410 4320 ἀνεπιγνύστους
1449 4221 1519 4298 είς

254 4341 1118 4432 τηνΒοίρηνκαίεὶςτόνΠάσπαρονβ.

344 4467 473 4550 γἘπεί
500 4465 516 4534 ύ
543 4469 789 4556 καθηγούμενος
817 4476 871 4553 της
906 4467 1084 4551 σεβασμίας
1113 4476 1209 4554 μονῆς
1244 4477 1299 4554 τῆς
1338 4462 1517 4553 ύπεράγνοο

254 4591 411 4656 θεοτόκου
435 4597 489 4678 τῆς
512 4589 762 4678 Λεμβιωτίαοης,
787 4588 803 4656 ὅ
828 4593 969 4678 μοναχός
985 4589 1170 4675 Γεράσιμος,
1196 4589 1319 4677 ἐδεήθη
1352 4601 1408 4678 τῆς
1426 4595 1516 4676 βασι-
