3238 5282
224 245 287 310 406

200 461 278 524 μεν
303 439 339 503 δέ
363 443 419 504 καὶ
444 439 596 525 έγνωμεν,
623 439 665 514 ώς
690 437 738 506 ὅτι
762 437 848 526 ώμεῐς
873 439 903 504 σί
924 441 1207 520 πανευγενέστατοι
1229 437 1392 525 όμόίυγοι,
1417 435 1496 524 ὁδη-

224 565 378 648 γηθέντες
404 561 441 627 ὲκ
458 565 539 628 θεοῦ
564 561 750 639 ἐξωνεῖσθαι
773 564 859 650 λόγῳ
883 572 938 650 της
961 560 1033 650 παρ’
1057 559 1142 650 ώμών
1166 561 1411 649 ἀνεγειρομένης
1433 582 1500 628 πα-

222 695 412 774 τριαρχικῆς
436 693 619 767 γυναικείας
648 698 746 776 μονῆς
775 699 830 754 τοῦ
855 689 1044 774 Προδρόμοο
1073 685 1214 775 ἀμπέλια
1241 685 1273 752 έν
1297 697 1336 774 τῇ
1358 696 1499 772 περιοχῇ

223 819 279 874 τοῦ
302 809 500 888 Βελεστίνου,
525 816 610 876 κατὰ
633 821 725 878 τοῦτο
742 813 970 899 προσήλθομεν
995 808 1064 898 ώμὶν
1088 815 1145 878 καί
1161 811 1347 897 δεδώκαμεν
1370 809 1497 895 εἴδησιν

224 933 295 1020 περὶ
318 943 373 1021 τῆς
397 932 595 1021 ἐκποιήσεως
619 945 674 1001 τοῦ
698 937 901 1024 δηλωθέντος
923 934 1087 1022 ἀμπελίυυ,
1110 931 1171 1022 οώχ
1194 931 1324 1022 εώρυμεν
1347 935 1383 1000 δέ
1408 930 1496 1020 ὑμᾶς

221 1057 294 1131 τούς
317 1063 627 1138 πανευγενεστσίτοος
651 1057 828 1146 ὁμσζώγυυς
853 1057 1012 1133 εὐπειθεῖς
1034 1063 1113 1144 πρός
1137 1060 1191 1146 τήν
1214 1055 1370 1146 ἡμετέραν
1398 1057 1497 1145 αἴτη-

223 1200 270 1245 σιν
298 1181 411 1248 διὰτὸ
441 1181 530 1261 εἶναι,
555 1181 598 1258 ώς
622 1183 760 1272 εἴρηται,
786 1182 986 1271 ἀτημέλητον
1010 1185 1045 1248 τό
1068 1183 1217 1270 δηλωθὲν
1242 1181 1406 1269 ἀμπέλιον.
1429 1205 1498 1248 πα-

221 1306 495 1392 ρακλητεώσαντες
524 1304 579 1372 οὖν
603 1303 686 1394 ὑμᾶς
709 1304 769 1372 οὐκ
793 1305 886 1388 ἀλίγα
911 1309 991 1392 μετά
1014 1309 1071 1371 καὶ
1098 1305 1203 1372 ἀλλων
1226 1316 1315 1370 τινών
1342 1305 1497 1372 Βελεστι-

220 1439 347 1507 νιωτών,
372 1429 521 1516 δηλονότι
544 1442 603 1496 τών
627 1432 788 1520 κληρικών
813 1441 868 1520 τῆς
892 1428 1073 1518 ἁγιωτάτης
1097 1428 1272 1516 ἐπισκοπῆς
1292 1429 1497 1508 Βελεστίνυο,

221 1549 279 1638 ἀψὲ
307 1557 364 1618 καὶ
393 1554 485 1639 μόλις
514 1551 702 1621 ώπεκλίνατε
738 1553 804 1620 ώτα
826 1557 979 1642 πειθήνια
1003 1565 1042 1641 τῇ
1077 1553 1203 1642 αἰτήσει
1225 1549 1315 1640 ήμών
1342 1563 1401 1618 τῶν
1431 1575 1498 1639 μο-

220 1687 337 1763 ναχών.
362 1679 672 1766 κοινολογησάμενοι
695 1675 749 1744 οὖν
775 1678 948 1766 ἀμφότεροι
975 1682 1045 1764 περί
1069 1685 1124 1744 τοῦ
1152 1679 1331 1764 τιμήματος
1354 1686 1409 1744 τοῦ
1432 1679 1495 1765 δη·

221 1801 381 1875 λωθέντος
411 1800 582 1888 ἀμπελίου,
617 1803 766 1890 δηλονότι
793 1813 853 1867 τών
882 1803 938 1867 δώο
967 1799 1236 1888 ὁλυκοτιναραίων
1270 1811 1324 1866 τοῦ
1355 1803 1495 1888 πλησίον

220 1935 276 2012 της
305 1934 403 2012 μονῆς
431 1936 486 1992 τοῦ
515 1925 608 2007 ἁγίου
635 1925 801 1993 Νικολάου
829 1935 883 1991 τοῦ
906 1925 1007 2004 Νέου,
1035 1928 1290 2012 περιεστήσαμεν
1319 1928 1354 1990 τό
1377 1928 1494 1992 τούτου

219 2053 343 2136 τίμημα
378 2047 411 2126 ἐξ
439 2048 610 2138 ἀρεσκείας
644 2047 733 2138 ήμῶν
761 2061 822 2116 τών
851 2060 1003 2137 μοναχών
1039 2049 1084 2123 εἰς
1111 2054 1293 2134 νομίσματα
1328 2044 1495 2136 ἁπέρπυρα

223 2173 407 2251 δεκαπέντε,
432 2177 467 2238 τό
491 2170 521 2238 δ’
539 2171 713 2260 ώπὲρπλεον
736 2175 852 2239 τυιίτων
870 2171 1141 2260 ἀποχαριζόμεθα
1164 2182 1203 2260 τη
1228 2183 1308 2260 μονή
1333 2183 1387 2239 τοῦ
1402 2173 1494 2260 Προ-

221 2296 340 2382 δρόμοο
364 2305 420 2383 τῆς
441 2295 529 2371 Νέας
552 2297 687 2385 Πέτρας,
703 2295 764 2363 κάν
788 2295 864 2364 ὅσον
880 2295 943 2383 ἄρα
966 2300 1023 2361 καί
1046 2296 1123 2376 έστι,
1147 2297 1201 2362 διά
1225 2299 1270 2379 τὰ,
1294 2295 1338 2371 ώς
1356 2297 1491 2398 εἴρηται,

221 2417 302 2484 εἶναι
338 2417 537 2508 ἀτημέλητον
567 2425 603 2488 τό
631 2422 778 2508 δηλωθέν
814 2419 980 2508 ἀμπέλιυν,
1010 2421 1031 2486 ἁ
1065 2421 1105 2508 δή
1140 2429 1195 2485 τοῦ
1230 2425 1362 2507 χρυσίου
1391 2421 1494 2486 δεκα-

219 2546 311 2608 πέντε
336 2548 518 2630 νομίσματα
541 2540 701 2631 ώπέρπυρα
725 2540 778 2634 ἀρ’
808 2541 893 2631 ἁμῶν
918 2554 977 2608 τών
1000 2547 1297 2624 πανευγενεστάτων
1327 2543 1494 2630 όμοξώγων

220 2668 372 2752 λαβόντες
407 2667 453 2741 εἰς
487 2673 544 2743 τὰς
571 2666 729 2756 ήμετέρας
757 2681 867 2757 χεῖρας
901 2673 986 2734 κατὰ
1021 2670 1056 2734 τό
1092 2665 1325 2755 ἀπαράλειπτον
1360 2666 1494 2734 ἐνώπιον

221 2801 282 2855 τών
310 2795 578 2880 μαρτυρησάντων
613 2797 761 2860 κάτωθεν
798 2795 978 2880 μαρτύρων,
1006 2793 1281 2880 παραδεδώκαμεν
1314 2796 1372 2858 καί
1398 2789 1496 2880 ἡμεῖς

221 2913 251 2980 οί
279 2920 416 3002 μοναχσί
440 2913 634 2983 ἀπεντεώθεν
663 2922 719 2984 καί
748 2917 810 2983 ἀπὸ
839 2927 895 3005 τῆς
918 2921 1058 3005 σήμερον
1083 2920 1118 2982 τώ
1142 2917 1386 3004 διηγορευμένον
1414 2913 1495 2982 ὅλον

222 3036 376 3125 ἀμπέλιον
399 3042 476 3126 πρὸς
492 3035 574 3127 ὑμᾶς
598 3041 670 3114 τούς
690 3045 999 3122 πανευγενεστσίτους
1023 3039 1208 3126 όμοζώγυος,
1233 3037 1308 3126 ὅπερ
1331 3040 1495 3115 καθέξετε

222 3162 279 3226 σών
306 3161 399 3228 παντὶ
426 3162 468 3248 τῷ
494 3172 585 3250 μέρει
608 3169 664 3230 καὶ
686 3165 875 3253 πληρώματι
903 3173 959 3252 τῆς
987 3165 1191 3251 δηλωθείσης
1219 3171 1403 3244 γυναικείας
1432 3186 1495 3250 μο-

222 3293 278 3372 νῆς
305 3295 360 3351 τοῦ
384 3285 571 3374 Προδρόμοο
596 3291 658 3353 ἀπό
682 3297 737 3354 τοῦ
761 3297 813 3353 νῦν
838 3291 895 3352 καί
928 3285 974 3360 τίς
1002 3291 1036 3352 τό
1066 3287 1137 3374 ἑξῆς
1164 3291 1221 3352 καί
1249 3293 1360 3374 μέχρις
1388 3285 1427 3354 ἀν
1456 3291 1496 3354 τὸ

222 3419 284 3472 πᾶν
301 3407 508 3496 περιΐσταται,
531 3418 657 3498 κυρίως,
676 3409 875 3486 αώθεντικώς
897 3415 954 3478 καὶ
971 3409 1221 3492 ἀνεπικωλύτως,
1248 3412 1290 3498 μή
1306 3415 1393 3498 παρὰ
1407 3433 1499 3488 τινος

223 3542 278 3597 τοῦ
305 3535 422 3606 παντός
450 3539 565 3620 μέρους
593 3539 648 3600 καί
682 3537 896 3622 πληρώματος
924 3544 980 3622 τῆς
1007 3531 1164 3622 ήμετέρας
1193 3543 1292 3622 μονῆς
1315 3543 1370 3600 τοῦ
1398 3533 1498 3614 ἁγίου

224 3657 507 3743 μεγαλομὰρτυρος
536 3659 694 3746 Γεωργίου
722 3656 859 3745 εὑροῦσα
882 3655 902 3746 ή
929 3660 1008 3746 μονή
1033 3669 1088 3725 τοῦ
1112 3659 1304 3744 Προδρόμοο
1327 3663 1403 3724 ποτέ
1432 3670 1497 3725 τών

223 3791 341 3867 καιρῶν
364 3780 384 3870 ἦ
409 3791 469 3847 τών
494 3787 614 3869 χρόνων
642 3786 694 3848 τάν
719 3787 857 3870 τυχόντα
880 3783 1068 3868 διασεισμόν
1092 3781 1113 3870 ἢ
1137 3779 1272 3870 ὄχλησιν
1301 3781 1322 3870 ἢ
1347 3781 1500 3870 έπήρειαν

223 3903 243 3992 ή
272 3907 327 3992 τήν
356 3915 516 3993 τυχοῦσαν
544 3908 693 3995 κωλώμην
718 3903 793 3972 ὅσον
819 3906 869 3972 έπί
892 3918 931 3994 τῇ
955 3919 1037 3994 νομῇ
1060 3911 1118 3972 καί
1145 3917 1274 3994 κατοχῇ
1297 3911 1353 3971 καί
1377 3907 1500 3971 δεσπο-

224 4032 294 4112 τεία
328 4039 384 4096 τοῦ
417 4040 559 4096 τοιοῦτον
588 4029 757 4116 ἀμπελίου,
787 4029 872 4095 ἀλλά
905 4036 961 4096 καί
991 4031 1114 4117 μᾶλλον
1149 4027 1270 4118 όρείλει
1305 4031 1499 4118 δερενδεώε-

224 4154 305 4217 σθαι
341 4149 360 4240 ή
402 4156 482 4241 μονή
517 4142 572 4219 τὀΐι
611 4153 801 4240 Προδρόμοο
841 4151 903 4220 ἀπὸ
941 4157 1060 4228 παντὸς
1101 4151 1296 4240 οἱοοδήεινος
1325 4157 1502 4238 προσώπου

224 4283 280 4340 τοῦ
305 4277 521 4364 βουληθέντος
545 4277 704 4343 διασείσαι
726 4275 747 4366 ή
770 4279 1013 4366 παρενοχλήσαι
1037 4279 1153 4364 ταύτην
1177 4274 1227 4342 έπί
1250 4275 1294 4362 τῷ
1316 4276 1505 4363 δηλωθέντι

225 4397 384 4485 ἁμπελίιρ,
419 4399 503 4467 ἀλλά
525 4404 582 4466 καί
606 4398 716 4474 ἀτελές
739 4405 796 4466 καί
820 4391 941 4487 ἀβαρὲς
964 4404 1021 4464 καί
1047 4397 1123 4464 ἄνευ
1146 4401 1230 4475 τινὸς
1258 4401 1380 4474 δόσεως
1403 4397 1504 4486 δρυί-

224 4523 295 4586 λετε
323 4529 472 4613 κατέχειν
501 4533 592 4591 τοῦτο
621 4523 665 4598 εἰς
693 4527 729 4590 τό
757 4525 912 4612 διηνεκές.
942 4521 992 4588 έπὶ
1020 4524 1119 4608 τούτῳ
1154 4526 1215 4610 γὰρ
1242 4527 1299 4588 καί
1327 4525 1363 4590 τά
1399 4525 1509 4608 παρών

224 4650 395 4734 πρατήριον
430 4649 589 4737 ἔγγραφον
617 4645 706 4736 ήμῶν
728 4651 804 4734 πρὸς
821 4643 910 4733 ώμάς
945 4649 1018 4721 τούς
1041 4651 1349 4727 πανευγενεστσίτους
1380 4645 1508 4736 έμοζώ-
