<?xml version="1.0" encoding="UTF-8"?>
<!DOCTYPE html PUBLIC "-//W3C//DTD XHTML 1.0 Transitional//EN"
    "http://www.w3.org/TR/xhtml1/DTD/xhtml1-transitional.dtd">
<html xmlns="http://www.w3.org/1999/xhtml" xml:lang="en" lang="en">
 <head>
  <title>
</title>
<meta http-equiv="Content-Type" content="text/html;charset=utf-8" />
  <meta name='ocr-system' content='tesseract 3.04.00' />
  <meta name='ocr-capabilities' content='ocr_page ocr_carea ocr_par ocr_line ocrx_word'/>
</head>
<body>
  <div class='ocr_page' id='page_1' title='image "./actaetdiplomata04miklgoog_0447.png"; bbox 0 0 3168 5274; ppageno 0'>
   <div class='ocr_carea' id='block_1_1' title="bbox 258 216 323 322">
    <p class='ocr_par' dir='ltr' id='par_1_1' title="bbox 258 216 323 322">
     <span class='ocr_line' id='line_1_1' title="bbox 258 216 323 322; baseline 0.015 -1"><span class='ocrx_word' id='word_1_1' title='bbox 258 216 323 322; x_wconf 78' lang='grc' dir='ltr'><strong>3ου·</strong></span> 
     </span>
    </p>
   </div>
   <div class='ocr_carea' id='block_1_2' title="bbox 255 447 1525 2399">
    <p class='ocr_par' dir='ltr' id='par_1_2' title="bbox 255 447 1525 2399">
     <span class='ocr_line' id='line_1_2' title="bbox 258 447 1522 540; baseline 0.002 -25"><span class='ocrx_word' id='word_1_2' title='bbox 258 447 402 537; x_wconf 78' lang='grc' dir='ltr'><strong>ἁδελρόιν</strong></span> <span class='ocrx_word' id='word_1_3' title='bbox 431 453 499 536; x_wconf 84' lang='grc' dir='ltr'><strong>μετ’</strong></span> <span class='ocrx_word' id='word_1_4' title='bbox 527 447 679 536; x_wconf 86' lang='grc' dir='ltr'><strong>είδῆσειος</strong></span> <span class='ocrx_word' id='word_1_5' title='bbox 706 453 761 516; x_wconf 87' lang='grc' dir='ltr'><strong>καί</strong></span> <span class='ocrx_word' id='word_1_6' title='bbox 788 459 844 516; x_wconf 84' lang='grc' dir='ltr'><strong>τού</strong></span> <span class='ocrx_word' id='word_1_7' title='bbox 867 451 1040 540; x_wconf 80' lang='grc' dir='ltr'><strong>δεοριλοός</strong></span> <span class='ocrx_word' id='word_1_8' title='bbox 1064 447 1179 537; x_wconf 77' lang='grc' dir='ltr'><strong>ἀνδρός</strong></span> <span class='ocrx_word' id='word_1_9' title='bbox 1202 452 1328 529; x_wconf 87' lang='grc' dir='ltr'><strong>τούτου,</strong></span> <span class='ocrx_word' id='word_1_10' title='bbox 1356 459 1412 517; x_wconf 86' lang='grc' dir='ltr'><strong>τοό</strong></span> <span class='ocrx_word' id='word_1_11' title='bbox 1434 448 1522 531; x_wconf 85' lang='grc' dir='ltr'><strong>εόγε-</strong></span> 
     </span>
     <span class='ocr_line' id='line_1_3' title="bbox 256 571 1523 662; baseline 0.002 -24"><span class='ocrx_word' id='word_1_12' title='bbox 256 576 408 638; x_wconf 86' lang='grc' dir='ltr'><strong>νεστάτοο</strong></span> <span class='ocrx_word' id='word_1_13' title='bbox 431 571 617 660; x_wconf 85' lang='grc' dir='ltr'><strong>Κομνηνού,</strong></span> <span class='ocrx_word' id='word_1_14' title='bbox 640 581 738 660; x_wconf 87' lang='grc' dir='ltr'><strong>κυρού</strong></span> <span class='ocrx_word' id='word_1_15' title='bbox 761 573 927 642; x_wconf 79' lang='grc' dir='ltr'><strong>Νικολάου</strong></span> <span class='ocrx_word' id='word_1_16' title='bbox 954 572 1175 662; x_wconf 83' lang='grc' dir='ltr'><strong>Μαλιασηνού,</strong></span> <span class='ocrx_word' id='word_1_17' title='bbox 1199 583 1255 640; x_wconf 80' lang='grc' dir='ltr'><strong>τοῦ</strong></span> <span class='ocrx_word' id='word_1_18' title='bbox 1278 576 1424 640; x_wconf 78' lang='grc' dir='ltr'><strong>πλεῖστον</strong></span> <span class='ocrx_word' id='word_1_19' title='bbox 1447 571 1523 640; x_wconf 77' lang='grc' dir='ltr'><strong>ὅσον</strong></span> 
     </span>
     <span class='ocr_line' id='line_1_4' title="bbox 255 693 1522 788; baseline 0.002 -27"><span class='ocrx_word' id='word_1_20' title='bbox 255 697 467 782; x_wconf 80' lang='grc' dir='ltr'><strong>πνευματικόν</strong></span> <span class='ocrx_word' id='word_1_21' title='bbox 494 693 693 783; x_wconf 73' lang='grc' dir='ltr'><strong>κεκτημένου</strong></span> <span class='ocrx_word' id='word_1_22' title='bbox 722 695 825 782; x_wconf 78' lang='grc' dir='ltr'><strong>ύριοτα</strong></span> <span class='ocrx_word' id='word_1_23' title='bbox 852 699 928 784; x_wconf 80' lang='grc' dir='ltr'><strong>πρός</strong></span> <span class='ocrx_word' id='word_1_24' title='bbox 952 699 1007 785; x_wconf 80' lang='grc' dir='ltr'><strong>τῆν</strong></span> <span class='ocrx_word' id='word_1_25' title='bbox 1031 700 1129 786; x_wconf 78' lang='grc' dir='ltr'><strong>ρονῆν</strong></span> <span class='ocrx_word' id='word_1_26' title='bbox 1156 701 1273 788; x_wconf 88' lang='grc' dir='ltr'><strong>ταύτην</strong></span> <span class='ocrx_word' id='word_1_27' title='bbox 1300 704 1357 764; x_wconf 85' lang='grc' dir='ltr'><strong>καί</strong></span> <span class='ocrx_word' id='word_1_28' title='bbox 1379 702 1419 764; x_wconf 84' lang='grc' dir='ltr'><strong>τὰ</strong></span> <span class='ocrx_word' id='word_1_29' title='bbox 1443 695 1522 786; x_wconf 77' lang='grc' dir='ltr'><strong>αύεῆ</strong></span> 
     </span>
     <span class='ocr_line' id='line_1_5' title="bbox 256 815 1523 909; baseline 0.003 -25"><span class='ocrx_word' id='word_1_30' title='bbox 256 816 460 908; x_wconf 80' lang='grc' dir='ltr'><strong>διαφέροντα·</strong></span> <span class='ocrx_word' id='word_1_31' title='bbox 484 815 566 884; x_wconf 74' lang='grc' dir='ltr'><strong>οὕτω</strong></span> <span class='ocrx_word' id='word_1_32' title='bbox 590 822 650 906; x_wconf 82' lang='grc' dir='ltr'><strong>γὰρ</strong></span> <span class='ocrx_word' id='word_1_33' title='bbox 675 820 824 904; x_wconf 88' lang='grc' dir='ltr'><strong>βούλεται</strong></span> <span class='ocrx_word' id='word_1_34' title='bbox 850 816 871 906; x_wconf 84' lang='grc' dir='ltr'>ἡ</span> <span class='ocrx_word' id='word_1_35' title='bbox 896 825 1061 908; x_wconf 87' lang='grc' dir='ltr'><strong>μετριότης</strong></span> <span class='ocrx_word' id='word_1_36' title='bbox 1084 817 1189 909; x_wconf 83' lang='grc' dir='ltr'><strong>ἡμῶν,</strong></span> <span class='ocrx_word' id='word_1_37' title='bbox 1216 819 1269 887; x_wconf 83' lang='grc' dir='ltr'><strong>ἵνα</strong></span> <span class='ocrx_word' id='word_1_38' title='bbox 1291 826 1348 887; x_wconf 82' lang='grc' dir='ltr'><strong>καὶ</strong></span> <span class='ocrx_word' id='word_1_39' title='bbox 1372 817 1440 909; x_wconf 88' lang='grc' dir='ltr'><strong>μετ’</strong></span> <span class='ocrx_word' id='word_1_40' title='bbox 1466 819 1523 887; x_wconf 85' lang='grc' dir='ltr'><strong>αό-</strong></span> 
     </span>
     <span class='ocr_line' id='line_1_6' title="bbox 257 939 1524 1033; baseline 0.001 -24"><span class='ocrx_word' id='word_1_41' title='bbox 257 951 312 1009; x_wconf 89' lang='grc' dir='ltr'><strong>τού</strong></span> <span class='ocrx_word' id='word_1_42' title='bbox 341 947 465 1030; x_wconf 86' lang='grc' dir='ltr'><strong>γίνηται</strong></span> <span class='ocrx_word' id='word_1_43' title='bbox 491 939 512 1030; x_wconf 83' lang='grc' dir='ltr'>ἡ</span> <span class='ocrx_word' id='word_1_44' title='bbox 541 952 596 1009; x_wconf 83' lang='grc' dir='ltr'><strong>τοῦ</strong></span> <span class='ocrx_word' id='word_1_45' title='bbox 629 939 809 1031; x_wconf 83' lang='grc' dir='ltr'><strong>ῆγοομίνοο</strong></span> <span class='ocrx_word' id='word_1_46' title='bbox 832 942 968 1032; x_wconf 85' lang='grc' dir='ltr'><strong>ἐκλογη·</strong></span> <span class='ocrx_word' id='word_1_47' title='bbox 1003 945 1048 1020; x_wconf 88' lang='grc' dir='ltr'><strong>είς</strong></span> <span class='ocrx_word' id='word_1_48' title='bbox 1076 941 1172 1012; x_wconf 76' lang='grc' dir='ltr'><strong>αὐτόν</strong></span> <span class='ocrx_word' id='word_1_49' title='bbox 1200 949 1261 1033; x_wconf 80' lang='grc' dir='ltr'><strong>γὰρ</strong></span> <span class='ocrx_word' id='word_1_50' title='bbox 1294 951 1351 1012; x_wconf 83' lang='grc' dir='ltr'><strong>καί</strong></span> <span class='ocrx_word' id='word_1_51' title='bbox 1377 945 1423 1020; x_wconf 88' lang='grc' dir='ltr'><strong>είς</strong></span> <span class='ocrx_word' id='word_1_52' title='bbox 1451 946 1524 1020; x_wconf 84' lang='grc' dir='ltr'><strong>τούς</strong></span> 
     </span>
     <span class='ocr_line' id='line_1_7' title="bbox 257 1061 1523 1157; baseline 0.001 -24"><span class='ocrx_word' id='word_1_53' title='bbox 257 1066 417 1156; x_wconf 78' lang='grc' dir='ltr'><strong>ἀδελφοὺς</strong></span> <span class='ocrx_word' id='word_1_54' title='bbox 440 1061 582 1141; x_wconf 83' lang='grc' dir='ltr'><strong>ἅπαντας</strong></span> <span class='ocrx_word' id='word_1_55' title='bbox 617 1069 690 1142; x_wconf 86' lang='grc' dir='ltr'><strong>τούς</strong></span> <span class='ocrx_word' id='word_1_56' title='bbox 714 1066 747 1134; x_wconf 84' lang='grc' dir='ltr'><strong>ἐν</strong></span> <span class='ocrx_word' id='word_1_57' title='bbox 770 1079 809 1157; x_wconf 79' lang='grc' dir='ltr'><strong>τῆ</strong></span> <span class='ocrx_word' id='word_1_58' title='bbox 838 1080 920 1156; x_wconf 84' lang='grc' dir='ltr'><strong>μονῆ</strong></span> <span class='ocrx_word' id='word_1_59' title='bbox 943 1067 1118 1157; x_wconf 72' lang='grc' dir='ltr'><strong>ἀνατίθησι</strong></span> <span class='ocrx_word' id='word_1_60' title='bbox 1152 1071 1192 1134; x_wconf 82' lang='grc' dir='ltr'><strong>τὰ</strong></span> <span class='ocrx_word' id='word_1_61' title='bbox 1215 1079 1271 1157; x_wconf 88' lang='grc' dir='ltr'><strong>τῆς</strong></span> <span class='ocrx_word' id='word_1_62' title='bbox 1295 1069 1435 1156; x_wconf 91' lang='grc' dir='ltr'><strong>ἐκλογῆς</strong></span> <span class='ocrx_word' id='word_1_63' title='bbox 1468 1077 1523 1134; x_wconf 81' lang='grc' dir='ltr'><strong>τού</strong></span> 
     </span>
     <span class='ocr_line' id='line_1_8' title="bbox 256 1187 1525 1281; baseline 0.002 -27"><span class='ocrx_word' id='word_1_64' title='bbox 256 1187 433 1278; x_wconf 80' lang='grc' dir='ltr'><strong>ἡγουμόνυο</strong></span> <span class='ocrx_word' id='word_1_65' title='bbox 456 1187 476 1278; x_wconf 78' lang='grc' dir='ltr'><strong>ἡ</strong></span> <span class='ocrx_word' id='word_1_66' title='bbox 502 1193 667 1279; x_wconf 79' lang='grc' dir='ltr'><strong>μετριότης</strong></span> <span class='ocrx_word' id='word_1_67' title='bbox 692 1187 791 1279; x_wconf 78' lang='grc' dir='ltr'><strong>ἡμῶν,</strong></span> <span class='ocrx_word' id='word_1_68' title='bbox 817 1195 874 1258; x_wconf 87' lang='grc' dir='ltr'><strong>καί</strong></span> <span class='ocrx_word' id='word_1_69' title='bbox 896 1197 993 1280; x_wconf 84' lang='grc' dir='ltr'><strong>χωρίς</strong></span> <span class='ocrx_word' id='word_1_70' title='bbox 1022 1190 1175 1281; x_wconf 85' lang='grc' dir='ltr'><strong>είδῆσειος</strong></span> <span class='ocrx_word' id='word_1_71' title='bbox 1196 1197 1254 1258; x_wconf 89' lang='grc' dir='ltr'><strong>καί</strong></span> <span class='ocrx_word' id='word_1_72' title='bbox 1273 1191 1447 1281; x_wconf 70' lang='grc' dir='ltr'><strong>ἀρεσκείας</strong></span> <span class='ocrx_word' id='word_1_73' title='bbox 1470 1196 1525 1258; x_wconf 84' lang='grc' dir='ltr'><strong>καί</strong></span> 
     </span>
     <span class='ocr_line' id='line_1_9' title="bbox 258 1310 1524 1404; baseline 0 -24"><span class='ocrx_word' id='word_1_74' title='bbox 258 1316 370 1380; x_wconf 90' lang='grc' dir='ltr'><strong>τούτου</strong></span> <span class='ocrx_word' id='word_1_75' title='bbox 397 1310 434 1379; x_wconf 87' lang='grc' dir='ltr'><strong>ού</strong></span> <span class='ocrx_word' id='word_1_76' title='bbox 467 1315 608 1401; x_wconf 84' lang='grc' dir='ltr'><strong>θίλομεν</strong></span> <span class='ocrx_word' id='word_1_77' title='bbox 636 1315 786 1394; x_wconf 79' lang='grc' dir='ltr'><strong>γίνεσθαι</strong></span> <span class='ocrx_word' id='word_1_78' title='bbox 819 1317 875 1404; x_wconf 82' lang='grc' dir='ltr'><strong>την</strong></span> <span class='ocrx_word' id='word_1_79' title='bbox 910 1314 1063 1404; x_wconf 83' lang='grc' dir='ltr'><strong>ἐκλογῆν,</strong></span> <span class='ocrx_word' id='word_1_80' title='bbox 1099 1313 1169 1382; x_wconf 82' lang='grc' dir='ltr'><strong>ἀλλ’</strong></span> <span class='ocrx_word' id='word_1_81' title='bbox 1193 1315 1224 1382; x_wconf 90' lang='grc' dir='ltr'><strong>οἱ</strong></span> <span class='ocrx_word' id='word_1_82' title='bbox 1247 1321 1386 1404; x_wconf 89' lang='grc' dir='ltr'><strong>μοναχοί</strong></span> <span class='ocrx_word' id='word_1_83' title='bbox 1407 1319 1524 1390; x_wconf 77' lang='grc' dir='ltr'><strong>πάντες</strong></span> 
     </span>
     <span class='ocr_line' id='line_1_10' title="bbox 258 1434 1524 1528; baseline 0 -24"><span class='ocrx_word' id='word_1_84' title='bbox 258 1441 314 1504; x_wconf 88' lang='grc' dir='ltr'><strong>καί</strong></span> <span class='ocrx_word' id='word_1_85' title='bbox 341 1435 359 1504; x_wconf 87' lang='grc' dir='ltr'><strong>ό</strong></span> <span class='ocrx_word' id='word_1_86' title='bbox 385 1437 554 1526; x_wconf 85' lang='grc' dir='ltr'><strong>Κομνηνός</strong></span> <span class='ocrx_word' id='word_1_87' title='bbox 588 1434 681 1514; x_wconf 89' lang='grc' dir='ltr'><strong>ούτος</strong></span> <span class='ocrx_word' id='word_1_88' title='bbox 707 1443 896 1506; x_wconf 70' lang='grc' dir='ltr'><strong>ποιείτωσαν</strong></span> <span class='ocrx_word' id='word_1_89' title='bbox 930 1441 986 1528; x_wconf 81' lang='grc' dir='ltr'><strong>τῆν</strong></span> <span class='ocrx_word' id='word_1_90' title='bbox 1021 1439 1174 1528; x_wconf 86' lang='grc' dir='ltr'><strong>ἐκλυγῆν,</strong></span> <span class='ocrx_word' id='word_1_91' title='bbox 1210 1441 1245 1506; x_wconf 90' lang='grc' dir='ltr'><strong>όν</strong></span> <span class='ocrx_word' id='word_1_92' title='bbox 1279 1441 1307 1506; x_wconf 87' lang='grc' dir='ltr'><strong>δ’</strong></span> <span class='ocrx_word' id='word_1_93' title='bbox 1342 1439 1380 1507; x_wconf 78' lang='grc' dir='ltr'><strong>ἄν</strong></span> <span class='ocrx_word' id='word_1_94' title='bbox 1406 1452 1524 1515; x_wconf 77' lang='grc' dir='ltr'><strong>κοινῶς</strong></span> 
     </span>
     <span class='ocr_line' id='line_1_11' title="bbox 259 1560 1524 1652; baseline 0.001 -24"><span class='ocrx_word' id='word_1_95' title='bbox 259 1560 451 1648; x_wconf 81' lang='grc' dir='ltr'><strong>ἀρεσδίντες</strong></span> <span class='ocrx_word' id='word_1_96' title='bbox 486 1563 684 1641; x_wconf 84' lang='grc' dir='ltr'><strong>ἐκλίξυνται,</strong></span> <span class='ocrx_word' id='word_1_97' title='bbox 719 1563 749 1629; x_wconf 86' lang='grc' dir='ltr'><strong>εί</strong></span> <span class='ocrx_word' id='word_1_98' title='bbox 783 1565 839 1650; x_wconf 87' lang='grc' dir='ltr'><strong>μέν</strong></span> <span class='ocrx_word' id='word_1_99' title='bbox 866 1567 948 1652; x_wconf 86' lang='grc' dir='ltr'><strong>τύχη</strong></span> <span class='ocrx_word' id='word_1_100' title='bbox 978 1565 1010 1630; x_wconf 85' lang='grc' dir='ltr'><strong>ἐν</strong></span> <span class='ocrx_word' id='word_1_101' title='bbox 1038 1575 1103 1639; x_wconf 78' lang='grc' dir='ltr'><strong>τοῖς</strong></span> <span class='ocrx_word' id='word_1_102' title='bbox 1137 1563 1241 1631; x_wconf 80' lang='grc' dir='ltr'><strong>ἐκεῖσε</strong></span> <span class='ocrx_word' id='word_1_103' title='bbox 1269 1567 1387 1647; x_wconf 78' lang='grc' dir='ltr'><strong>διάγειν</strong></span> <span class='ocrx_word' id='word_1_104' title='bbox 1415 1564 1434 1631; x_wconf 88' lang='grc' dir='ltr'><strong>ό</strong></span> <span class='ocrx_word' id='word_1_105' title='bbox 1464 1577 1524 1632; x_wconf 77' lang='grc' dir='ltr'><strong>τῶν</strong></span> 
     </span>
     <span class='ocr_line' id='line_1_12' title="bbox 257 1684 1525 1778; baseline 0.001 -25"><span class='ocrx_word' id='word_1_106' title='bbox 257 1695 496 1774; x_wconf 83' lang='grc' dir='ltr'><strong>τατριαρχικῶν</strong></span> <span class='ocrx_word' id='word_1_107' title='bbox 517 1687 649 1752; x_wconf 79' lang='grc' dir='ltr'><strong>δικαίαν</strong></span> <span class='ocrx_word' id='word_1_108' title='bbox 671 1688 816 1776; x_wconf 78' lang='grc' dir='ltr'><strong>ἔξαρχος,</strong></span> <span class='ocrx_word' id='word_1_109' title='bbox 841 1694 1040 1778; x_wconf 77' lang='grc' dir='ltr'><strong>σρραγιξέτιο</strong></span> <span class='ocrx_word' id='word_1_110' title='bbox 1063 1684 1159 1755; x_wconf 77' lang='grc' dir='ltr'><strong>αὐτόν</strong></span> <span class='ocrx_word' id='word_1_111' title='bbox 1181 1700 1365 1776; x_wconf 77' lang='grc' dir='ltr'><strong>προεστῶτα</strong></span> <span class='ocrx_word' id='word_1_112' title='bbox 1387 1694 1475 1756; x_wconf 82' lang='grc' dir='ltr'><strong>κατὰ</strong></span> <span class='ocrx_word' id='word_1_113' title='bbox 1491 1691 1525 1754; x_wconf 87' lang='grc' dir='ltr'><strong>τό</strong></span> 
     </span>
     <span class='ocr_line' id='line_1_13' title="bbox 259 1807 1523 1902; baseline 0.004 -26"><span class='ocrx_word' id='word_1_114' title='bbox 259 1807 421 1877; x_wconf 79' lang='grc' dir='ltr'><strong>ἀνίκαθεν</strong></span> <span class='ocrx_word' id='word_1_115' title='bbox 455 1807 723 1899; x_wconf 78' lang='grc' dir='ltr'><strong>ἐκκλησιαστικὸν</strong></span> <span class='ocrx_word' id='word_1_116' title='bbox 758 1811 838 1887; x_wconf 81' lang='grc' dir='ltr'><strong>ἐδος</strong></span> <span class='ocrx_word' id='word_1_117' title='bbox 867 1812 896 1879; x_wconf 90' lang='grc' dir='ltr'><strong>εί</strong></span> <span class='ocrx_word' id='word_1_118' title='bbox 923 1815 952 1878; x_wconf 89' lang='grc' dir='ltr'><strong>δ’</strong></span> <span class='ocrx_word' id='word_1_119' title='bbox 980 1810 1017 1879; x_wconf 86' lang='grc' dir='ltr'><strong>ού</strong></span> <span class='ocrx_word' id='word_1_120' title='bbox 1051 1817 1134 1902; x_wconf 90' lang='grc' dir='ltr'><strong>τύχη</strong></span> <span class='ocrx_word' id='word_1_121' title='bbox 1169 1819 1241 1880; x_wconf 84' lang='grc' dir='ltr'><strong>τότε</strong></span> <span class='ocrx_word' id='word_1_122' title='bbox 1276 1813 1355 1881; x_wconf 83' lang='grc' dir='ltr'><strong>εἶναι</strong></span> <span class='ocrx_word' id='word_1_123' title='bbox 1383 1817 1438 1880; x_wconf 88' lang='grc' dir='ltr'><strong>τόν</strong></span> <span class='ocrx_word' id='word_1_124' title='bbox 1460 1837 1523 1881; x_wconf 88' lang='grc' dir='ltr'><strong>τια-</strong></span> 
     </span>
     <span class='ocr_line' id='line_1_14' title="bbox 258 1934 1522 2025; baseline 0.004 -25"><span class='ocrx_word' id='word_1_125' title='bbox 258 1938 445 2022; x_wconf 84' lang='grc' dir='ltr'><strong>τριαρχικόν</strong></span> <span class='ocrx_word' id='word_1_126' title='bbox 479 1935 615 2023; x_wconf 78' lang='grc' dir='ltr'><strong>ἔξαρχον</strong></span> <span class='ocrx_word' id='word_1_127' title='bbox 643 1934 676 2000; x_wconf 89' lang='grc' dir='ltr'><strong>ἐν</strong></span> <span class='ocrx_word' id='word_1_128' title='bbox 703 1946 769 2010; x_wconf 83' lang='grc' dir='ltr'><strong>τοῖς</strong></span> <span class='ocrx_word' id='word_1_129' title='bbox 792 1938 897 2003; x_wconf 79' lang='grc' dir='ltr'><strong>ἐκεῖσε</strong></span> <span class='ocrx_word' id='word_1_130' title='bbox 927 1943 1049 2024; x_wconf 67' lang='grc' dir='ltr'><strong>μέρεσι,</strong></span> <span class='ocrx_word' id='word_1_131' title='bbox 1085 1935 1103 2004; x_wconf 91' lang='grc' dir='ltr'><strong>ό</strong></span> <span class='ocrx_word' id='word_1_132' title='bbox 1131 1935 1274 2019; x_wconf 87' lang='grc' dir='ltr'><strong>ἐκλεγείς</strong></span> <span class='ocrx_word' id='word_1_133' title='bbox 1303 1937 1349 2012; x_wconf 80' lang='grc' dir='ltr'><strong>εἰς</strong></span> <span class='ocrx_word' id='word_1_134' title='bbox 1380 1959 1522 2025; x_wconf 85' lang='grc' dir='ltr'><strong>τροατα-</strong></span> 
     </span>
     <span class='ocr_line' id='line_1_15' title="bbox 258 2059 1524 2149; baseline 0.002 -24"><span class='ocrx_word' id='word_1_135' title='bbox 258 2064 330 2125; x_wconf 90' lang='grc' dir='ltr'><strong>σίαν</strong></span> <span class='ocrx_word' id='word_1_136' title='bbox 356 2061 443 2146; x_wconf 78' lang='grc' dir='ltr'><strong>παρὰ</strong></span> <span class='ocrx_word' id='word_1_137' title='bbox 470 2067 531 2123; x_wconf 80' lang='grc' dir='ltr'><strong>τῶν</strong></span> <span class='ocrx_word' id='word_1_138' title='bbox 559 2069 709 2147; x_wconf 80' lang='grc' dir='ltr'><strong>μοναχῶν</strong></span> <span class='ocrx_word' id='word_1_139' title='bbox 737 2061 860 2125; x_wconf 82' lang='grc' dir='ltr'><strong>πάντων</strong></span> <span class='ocrx_word' id='word_1_140' title='bbox 884 2065 939 2126; x_wconf 85' lang='grc' dir='ltr'><strong>καί</strong></span> <span class='ocrx_word' id='word_1_141' title='bbox 962 2071 1017 2126; x_wconf 84' lang='grc' dir='ltr'><strong>τού</strong></span> <span class='ocrx_word' id='word_1_142' title='bbox 1041 2060 1210 2149; x_wconf 86' lang='grc' dir='ltr'><strong>Κομνηνού</strong></span> <span class='ocrx_word' id='word_1_143' title='bbox 1239 2064 1359 2140; x_wconf 90' lang='grc' dir='ltr'><strong>τούτου,</strong></span> <span class='ocrx_word' id='word_1_144' title='bbox 1384 2059 1429 2138; x_wconf 77' lang='grc' dir='ltr'><strong>ὣς</strong></span> <span class='ocrx_word' id='word_1_145' title='bbox 1453 2065 1524 2130; x_wconf 89' lang='grc' dir='ltr'><strong>δια-</strong></span> 
     </span>
     <span class='ocr_line' id='line_1_16' title="bbox 258 2181 1524 2274; baseline -0.001 -23"><span class='ocrx_word' id='word_1_146' title='bbox 258 2186 440 2260; x_wconf 85' lang='grc' dir='ltr'><strong>τετύτυται,</strong></span> <span class='ocrx_word' id='word_1_147' title='bbox 476 2181 681 2268; x_wconf 83' lang='grc' dir='ltr'><strong>ἐτικρατείτοε</strong></span> <span class='ocrx_word' id='word_1_148' title='bbox 716 2181 811 2259; x_wconf 81' lang='grc' dir='ltr'><strong>αύτός</strong></span> <span class='ocrx_word' id='word_1_149' title='bbox 846 2181 944 2259; x_wconf 79' lang='grc' dir='ltr'><strong>οδτεος</strong></span> <span class='ocrx_word' id='word_1_150' title='bbox 977 2190 1081 2251; x_wconf 81' lang='grc' dir='ltr'><strong>πάντα</strong></span> <span class='ocrx_word' id='word_1_151' title='bbox 1108 2189 1147 2252; x_wconf 79' lang='grc' dir='ltr'><strong>τό</strong></span> <span class='ocrx_word' id='word_1_152' title='bbox 1175 2196 1230 2274; x_wconf 87' lang='grc' dir='ltr'><strong>τῆς</strong></span> <span class='ocrx_word' id='word_1_153' title='bbox 1260 2195 1358 2274; x_wconf 83' lang='grc' dir='ltr'><strong>μονῆς</strong></span> <span class='ocrx_word' id='word_1_154' title='bbox 1384 2191 1442 2252; x_wconf 87' lang='grc' dir='ltr'><strong>καί</strong></span> <span class='ocrx_word' id='word_1_155' title='bbox 1470 2189 1524 2274; x_wconf 79' lang='grc' dir='ltr'><strong>τῆν</strong></span> 
     </span>
     <span class='ocr_line' id='line_1_17' title="bbox 259 2305 1524 2399; baseline 0.005 -28"><span class='ocrx_word' id='word_1_156' title='bbox 259 2307 357 2394; x_wconf 84' lang='grc' dir='ltr'><strong>μονῆν</strong></span> <span class='ocrx_word' id='word_1_157' title='bbox 380 2309 436 2370; x_wconf 87' lang='grc' dir='ltr'><strong>καί</strong></span> <span class='ocrx_word' id='word_1_158' title='bbox 463 2307 633 2386; x_wconf 85' lang='grc' dir='ltr'><strong>διεξαγίτιο</strong></span> <span class='ocrx_word' id='word_1_159' title='bbox 655 2310 759 2373; x_wconf 76' lang='grc' dir='ltr'><strong>πάντα</strong></span> <span class='ocrx_word' id='word_1_160' title='bbox 782 2305 825 2381; x_wconf 79' lang='grc' dir='ltr'><strong>ὡς</strong></span> <span class='ocrx_word' id='word_1_161' title='bbox 847 2311 1008 2394; x_wconf 77' lang='grc' dir='ltr'><strong>τροιστολς</strong></span> <span class='ocrx_word' id='word_1_162' title='bbox 1032 2308 1127 2395; x_wconf 71' lang='grc' dir='ltr'><strong>μέχρι</strong></span> <span class='ocrx_word' id='word_1_163' title='bbox 1150 2319 1264 2396; x_wconf 79' lang='grc' dir='ltr'><strong>καιροῦ</strong></span> <span class='ocrx_word' id='word_1_164' title='bbox 1291 2319 1347 2398; x_wconf 87' lang='grc' dir='ltr'><strong>τῆς</strong></span> <span class='ocrx_word' id='word_1_165' title='bbox 1370 2308 1524 2399; x_wconf 79' lang='grc' dir='ltr'><strong>ἐνδηρίας</strong></span> 
     </span>
    </p>
   </div>
   <div class='ocr_carea' id='block_1_3' title="bbox 141 2426 1526 2518">
    <p class='ocr_par' dir='ltr' id='par_1_3' title="bbox 141 2426 1526 2518">
     <span class='ocr_line' id='line_1_18' title="bbox 141 2426 1526 2518; baseline 0.003 -24"><span class='ocrx_word' id='word_1_166' title='bbox 141 2499 155 2514; x_wconf 62' lang='grc'><strong>,</strong></span> <span class='ocrx_word' id='word_1_167' title='bbox 256 2438 312 2495; x_wconf 85' lang='grc' dir='ltr'><strong>τού</strong></span> <span class='ocrx_word' id='word_1_168' title='bbox 345 2439 576 2516; x_wconf 85' lang='grc' dir='ltr'><strong>ττοιτριαρχικού</strong></span> <span class='ocrx_word' id='word_1_169' title='bbox 612 2428 759 2517; x_wconf 86' lang='grc' dir='ltr'><strong>ἐξάρχου,</strong></span> <span class='ocrx_word' id='word_1_170' title='bbox 795 2426 894 2506; x_wconf 82' lang='grc' dir='ltr'><strong>ούτως</strong></span> <span class='ocrx_word' id='word_1_171' title='bbox 918 2429 960 2504; x_wconf 81' lang='grc' dir='ltr'><strong>ύς</strong></span> <span class='ocrx_word' id='word_1_172' title='bbox 995 2431 1110 2518; x_wconf 84' lang='grc' dir='ltr'><strong>ἐμελλε</strong></span> <span class='ocrx_word' id='word_1_173' title='bbox 1145 2434 1299 2514; x_wconf 74' lang='grc' dir='ltr'><strong>διεξάγειν</strong></span> <span class='ocrx_word' id='word_1_174' title='bbox 1333 2443 1435 2500; x_wconf 79' lang='grc' dir='ltr'><strong>ταῦτα</strong></span> <span class='ocrx_word' id='word_1_175' title='bbox 1470 2439 1526 2502; x_wconf 88' lang='grc' dir='ltr'><strong>καί</strong></span> 
     </span>
    </p>
   </div>
   <div class='ocr_carea' id='block_1_4' title="bbox 256 2549 1524 2770">
    <p class='ocr_par' dir='ltr' id='par_1_4' title="bbox 256 2549 1524 2770">
     <span class='ocr_line' id='line_1_19' title="bbox 257 2549 1524 2646; baseline 0.004 -26"><span class='ocrx_word' id='word_1_176' title='bbox 257 2555 479 2643; x_wconf 85' lang='grc' dir='ltr'><strong>σρραγισδείς,</strong></span> <span class='ocrx_word' id='word_1_177' title='bbox 511 2549 580 2618; x_wconf 83' lang='grc' dir='ltr'><strong>ἀλλ’</strong></span> <span class='ocrx_word' id='word_1_178' title='bbox 605 2549 658 2618; x_wconf 86' lang='grc' dir='ltr'><strong>ότε</strong></span> <span class='ocrx_word' id='word_1_179' title='bbox 693 2551 851 2641; x_wconf 85' lang='grc' dir='ltr'><strong>ἐδημῆσει</strong></span> <span class='ocrx_word' id='word_1_180' title='bbox 873 2553 890 2621; x_wconf 86' lang='grc' dir='ltr'><strong>ό</strong></span> <span class='ocrx_word' id='word_1_181' title='bbox 915 2556 1064 2643; x_wconf 81' lang='grc' dir='ltr'><strong>ἐξαρχος,</strong></span> <span class='ocrx_word' id='word_1_182' title='bbox 1100 2560 1330 2646; x_wconf 79' lang='grc' dir='ltr'><strong>σρραγιξόοθεο</strong></span> <span class='ocrx_word' id='word_1_183' title='bbox 1357 2563 1446 2646; x_wconf 79' lang='grc' dir='ltr'><strong>παρὰ</strong></span> <span class='ocrx_word' id='word_1_184' title='bbox 1470 2569 1524 2626; x_wconf 82' lang='grc' dir='ltr'><strong>τοῦ</strong></span> 
     </span>
     <span class='ocr_line' id='line_1_20' title="bbox 256 2671 1524 2770; baseline 0.006 -27"><span class='ocrx_word' id='word_1_185' title='bbox 256 2675 402 2764; x_wconf 89' lang='grc' dir='ltr'><strong>ἐξάρχου·</strong></span> <span class='ocrx_word' id='word_1_186' title='bbox 432 2673 539 2750; x_wconf 77' lang='grc' dir='ltr'><strong>ἁπλῶς</strong></span> <span class='ocrx_word' id='word_1_187' title='bbox 568 2679 629 2762; x_wconf 84' lang='grc' dir='ltr'><strong>γὰρ</strong></span> <span class='ocrx_word' id='word_1_188' title='bbox 652 2671 702 2742; x_wconf 78' lang='grc' dir='ltr'><strong>ὑπ’</strong></span> <span class='ocrx_word' id='word_1_189' title='bbox 727 2673 857 2752; x_wconf 86' lang='grc' dir='ltr'><strong>ούδενδς</strong></span> <span class='ocrx_word' id='word_1_190' title='bbox 881 2676 990 2764; x_wconf 81' lang='grc' dir='ltr'><strong>ἐτίροο</strong></span> <span class='ocrx_word' id='word_1_191' title='bbox 1018 2683 1299 2770; x_wconf 80' lang='grc' dir='ltr'><strong>σρραγισθῆσεται</strong></span> <span class='ocrx_word' id='word_1_192' title='bbox 1327 2681 1425 2770; x_wconf 79' lang='grc' dir='ltr'><strong>ότῆς</strong></span> <span class='ocrx_word' id='word_1_193' title='bbox 1448 2681 1524 2750; x_wconf 80' lang='grc' dir='ltr'><strong>Μα-</strong></span> 
     </span>
    </p>
   </div>
   <div class='ocr_carea' id='block_1_5' title="bbox 143 2797 1523 2895">
    <p class='ocr_par' dir='ltr' id='par_1_5' title="bbox 143 2797 1523 2895">
     <span class='ocr_line' id='line_1_21' title="bbox 143 2797 1523 2895; baseline 0.005 -29"><span class='ocrx_word' id='word_1_194' title='bbox 143 2821 145 2826; x_wconf 80' lang='grc'><strong>’</strong></span> <span class='ocrx_word' id='word_1_195' title='bbox 255 2806 449 2889; x_wconf 89' lang='grc' dir='ltr'><strong>κρινιτίσσης</strong></span> <span class='ocrx_word' id='word_1_196' title='bbox 471 2797 663 2890; x_wconf 71' lang='grc' dir='ltr'><strong>ἡγούμενος,</strong></span> <span class='ocrx_word' id='word_1_197' title='bbox 694 2799 723 2864; x_wconf 83' lang='grc' dir='ltr'><strong>εί</strong></span> <span class='ocrx_word' id='word_1_198' title='bbox 746 2802 789 2890; x_wconf 86' lang='grc' dir='ltr'><strong>μῆ</strong></span> <span class='ocrx_word' id='word_1_199' title='bbox 812 2805 898 2888; x_wconf 76' lang='grc' dir='ltr'><strong>ταρὰ</strong></span> <span class='ocrx_word' id='word_1_200' title='bbox 921 2813 977 2890; x_wconf 88' lang='grc' dir='ltr'><strong>τῆς</strong></span> <span class='ocrx_word' id='word_1_201' title='bbox 997 2799 1087 2892; x_wconf 81' lang='grc' dir='ltr'><strong>ῆμεδν</strong></span> <span class='ocrx_word' id='word_1_202' title='bbox 1112 2809 1314 2894; x_wconf 80' lang='grc' dir='ltr'><strong>μετριότητος</strong></span> <span class='ocrx_word' id='word_1_203' title='bbox 1336 2803 1358 2894; x_wconf 77' lang='grc' dir='ltr'>ἢ</span> <span class='ocrx_word' id='word_1_204' title='bbox 1381 2809 1445 2895; x_wconf 88' lang='grc' dir='ltr'><strong>μῆν</strong></span> <span class='ocrx_word' id='word_1_205' title='bbox 1467 2818 1523 2873; x_wconf 86' lang='grc' dir='ltr'><strong>τού</strong></span> 
     </span>
    </p>
   </div>
   <div class='ocr_carea' id='block_1_6' title="bbox 219 2919 1526 4008">
    <p class='ocr_par' dir='ltr' id='par_1_6' title="bbox 219 2919 1526 4008">
     <span class='ocr_line' id='line_1_22' title="bbox 255 2919 1524 3018; baseline 0.006 -28"><span class='ocrx_word' id='word_1_206' title='bbox 255 2923 392 3012; x_wconf 82' lang='grc' dir='ltr'><strong>ἐξάρχου</strong></span> <span class='ocrx_word' id='word_1_207' title='bbox 420 2919 528 3013; x_wconf 76' lang='grc' dir='ltr'><strong>αὐτῆς.</strong></span> <span class='ocrx_word' id='word_1_208' title='bbox 564 2921 732 3013; x_wconf 74' lang='grc' dir='ltr'><strong>ἀνηνέχθη</strong></span> <span class='ocrx_word' id='word_1_209' title='bbox 755 2925 793 2989; x_wconf 80' lang='grc' dir='ltr'><strong>δὲ</strong></span> <span class='ocrx_word' id='word_1_210' title='bbox 816 2929 873 2990; x_wconf 89' lang='grc' dir='ltr'><strong>καί</strong></span> <span class='ocrx_word' id='word_1_211' title='bbox 895 2930 968 3011; x_wconf 85' lang='grc' dir='ltr'><strong>τερί</strong></span> <span class='ocrx_word' id='word_1_212' title='bbox 991 2935 1046 2992; x_wconf 85' lang='grc' dir='ltr'><strong>τού</strong></span> <span class='ocrx_word' id='word_1_213' title='bbox 1070 2931 1320 3017; x_wconf 60' lang='grc' dir='ltr'><strong>καταταχθῆναι</strong></span> <span class='ocrx_word' id='word_1_214' title='bbox 1347 2929 1392 3005; x_wconf 87' lang='grc' dir='ltr'><strong>είς</strong></span> <span class='ocrx_word' id='word_1_215' title='bbox 1418 2951 1524 3018; x_wconf 82' lang='grc' dir='ltr'><strong>καρα-</strong></span> 
     </span>
     <span class='ocr_line' id='line_1_23' title="bbox 255 3047 1526 3142; baseline 0.005 -28"><span class='ocrx_word' id='word_1_216' title='bbox 255 3049 383 3136; x_wconf 87' lang='grc' dir='ltr'><strong>λαύριον</strong></span> <span class='ocrx_word' id='word_1_217' title='bbox 407 3059 463 3136; x_wconf 90' lang='grc' dir='ltr'><strong>τῆς</strong></span> <span class='ocrx_word' id='word_1_218' title='bbox 485 3047 734 3138; x_wconf 87' lang='grc' dir='ltr'><strong>Μακρινιτίσσης</strong></span> <span class='ocrx_word' id='word_1_219' title='bbox 757 3051 812 3138; x_wconf 81' lang='grc' dir='ltr'><strong>τῆν</strong></span> <span class='ocrx_word' id='word_1_220' title='bbox 835 3053 920 3115; x_wconf 84' lang='grc' dir='ltr'><strong>κατά</strong></span> <span class='ocrx_word' id='word_1_221' title='bbox 940 3051 995 3137; x_wconf 75' lang='grc' dir='ltr'><strong>τῆν</strong></span> <span class='ocrx_word' id='word_1_222' title='bbox 1019 3051 1147 3136; x_wconf 82' lang='grc' dir='ltr'><strong>ἐνυρίαν</strong></span> <span class='ocrx_word' id='word_1_223' title='bbox 1170 3061 1227 3140; x_wconf 88' lang='grc' dir='ltr'><strong>τῆς</strong></span> <span class='ocrx_word' id='word_1_224' title='bbox 1251 3050 1431 3142; x_wconf 77' lang='grc' dir='ltr'><strong>ἁγιωτάτης</strong></span> <span class='ocrx_word' id='word_1_225' title='bbox 1456 3053 1526 3122; x_wconf 83' lang='grc' dir='ltr'><strong>ἐτι-</strong></span> 
     </span>
     <span class='ocr_line' id='line_1_24' title="bbox 256 3173 1525 3268; baseline 0.003 -28"><span class='ocrx_word' id='word_1_226' title='bbox 256 3184 378 3260; x_wconf 86' lang='grc' dir='ltr'><strong>σκοτῆς</strong></span> <span class='ocrx_word' id='word_1_227' title='bbox 411 3173 601 3240; x_wconf 87' lang='grc' dir='ltr'><strong>Βελεστίνοο</strong></span> <span class='ocrx_word' id='word_1_228' title='bbox 634 3175 838 3261; x_wconf 85' lang='grc' dir='ltr'><strong>διακειμίνην</strong></span> <span class='ocrx_word' id='word_1_229' title='bbox 871 3175 969 3262; x_wconf 80' lang='grc' dir='ltr'><strong>μονῆν</strong></span> <span class='ocrx_word' id='word_1_230' title='bbox 1004 3185 1060 3262; x_wconf 89' lang='grc' dir='ltr'><strong>τῆς</strong></span> <span class='ocrx_word' id='word_1_231' title='bbox 1087 3176 1249 3257; x_wconf 84' lang='grc' dir='ltr'><strong>κανάγνοο</strong></span> <span class='ocrx_word' id='word_1_232' title='bbox 1275 3179 1435 3244; x_wconf 78' lang='grc' dir='ltr'><strong>δεοτόκοο</strong></span> <span class='ocrx_word' id='word_1_233' title='bbox 1468 3181 1525 3268; x_wconf 72' lang='grc' dir='ltr'><strong>τῆν</strong></span> 
     </span>
     <span class='ocr_line' id='line_1_25' title="bbox 219 3295 1523 3398; baseline 0.005 -37"><span class='ocrx_word' id='word_1_234' title='bbox 219 3387 224 3398; x_wconf 36' lang='grc' dir='ltr'>Ι</span> <span class='ocrx_word' id='word_1_235' title='bbox 256 3295 306 3362; x_wconf 82' lang='grc' dir='ltr'><strong>ἐπὶ</strong></span> <span class='ocrx_word' id='word_1_236' title='bbox 329 3303 551 3384; x_wconf 87' lang='grc' dir='ltr'><strong>σταυροτηγίερ</strong></span> <span class='ocrx_word' id='word_1_237' title='bbox 576 3301 632 3382; x_wconf 78' lang='grc' dir='ltr'><strong>μὲν</strong></span> <span class='ocrx_word' id='word_1_238' title='bbox 654 3299 771 3386; x_wconf 84' lang='grc' dir='ltr'><strong>ταύτης</strong></span> <span class='ocrx_word' id='word_1_239' title='bbox 797 3308 853 3386; x_wconf 87' lang='grc' dir='ltr'><strong>τῆς</strong></span> <span class='ocrx_word' id='word_1_240' title='bbox 881 3295 1056 3386; x_wconf 76' lang='grc' dir='ltr'><strong>ἐπισκοπῆς</strong></span> <span class='ocrx_word' id='word_1_241' title='bbox 1077 3297 1267 3366; x_wconf 88' lang='grc' dir='ltr'><strong>Βελεστίνοο</strong></span> <span class='ocrx_word' id='word_1_242' title='bbox 1289 3302 1523 3391; x_wconf 84' lang='grc' dir='ltr'><strong>δεδομημίνην,</strong></span> 
     </span>
     <span class='ocr_line' id='line_1_26' title="bbox 255 3419 1523 3513; baseline 0.002 -26"><span class='ocrx_word' id='word_1_243' title='bbox 255 3429 311 3487; x_wconf 86' lang='grc' dir='ltr'><strong>τού</strong></span> <span class='ocrx_word' id='word_1_244' title='bbox 338 3429 435 3506; x_wconf 84' lang='grc' dir='ltr'><strong>κυροό</strong></span> <span class='ocrx_word' id='word_1_245' title='bbox 462 3419 641 3506; x_wconf 85' lang='grc' dir='ltr'><strong>Ἱλσρίιυνος</strong></span> <span class='ocrx_word' id='word_1_246' title='bbox 674 3423 710 3486; x_wconf 77' lang='grc' dir='ltr'><strong>δὲ</strong></span> <span class='ocrx_word' id='word_1_247' title='bbox 732 3422 918 3508; x_wconf 70' lang='grc' dir='ltr'><strong>λεγομένην.</strong></span> <span class='ocrx_word' id='word_1_248' title='bbox 956 3419 1023 3487; x_wconf 82' lang='grc' dir='ltr'><strong>ἐπεί</strong></span> <span class='ocrx_word' id='word_1_249' title='bbox 1045 3429 1147 3489; x_wconf 88' lang='grc' dir='ltr'><strong>τοίνυν</strong></span> <span class='ocrx_word' id='word_1_250' title='bbox 1172 3435 1236 3498; x_wconf 79' lang='grc' dir='ltr'><strong>τοῖς</strong></span> <span class='ocrx_word' id='word_1_251' title='bbox 1263 3425 1393 3511; x_wconf 83' lang='grc' dir='ltr'><strong>ἐχοοσιν</strong></span> <span class='ocrx_word' id='word_1_252' title='bbox 1421 3423 1523 3513; x_wconf 82' lang='grc' dir='ltr'><strong>αύτῆν</strong></span> 
     </span>
     <span class='ocr_line' id='line_1_27' title="bbox 256 3541 1523 3636; baseline 0.004 -26"><span class='ocrx_word' id='word_1_253' title='bbox 256 3544 394 3630; x_wconf 76' lang='grc' dir='ltr'><strong>δελητόν</strong></span> <span class='ocrx_word' id='word_1_254' title='bbox 423 3542 490 3608; x_wconf 72' lang='grc' dir='ltr'><strong>ἔστι</strong></span> <span class='ocrx_word' id='word_1_255' title='bbox 519 3547 668 3631; x_wconf 88' lang='grc' dir='ltr'><strong>μετόχιον</strong></span> <span class='ocrx_word' id='word_1_256' title='bbox 696 3542 862 3611; x_wconf 84' lang='grc' dir='ltr'><strong>ύτεοδείναι</strong></span> <span class='ocrx_word' id='word_1_257' title='bbox 890 3541 987 3633; x_wconf 83' lang='grc' dir='ltr'><strong>αύτην</strong></span> <span class='ocrx_word' id='word_1_258' title='bbox 1011 3545 1057 3620; x_wconf 79' lang='grc' dir='ltr'><strong>είς</strong></span> <span class='ocrx_word' id='word_1_259' title='bbox 1080 3547 1136 3634; x_wconf 83' lang='grc' dir='ltr'><strong>τῆν</strong></span> <span class='ocrx_word' id='word_1_260' title='bbox 1165 3549 1263 3636; x_wconf 82' lang='grc' dir='ltr'><strong>μονῆν</strong></span> <span class='ocrx_word' id='word_1_261' title='bbox 1286 3557 1342 3636; x_wconf 86' lang='grc' dir='ltr'><strong>τῆς</strong></span> <span class='ocrx_word' id='word_1_262' title='bbox 1363 3547 1523 3635; x_wconf 81' lang='grc' dir='ltr'><strong>Μακρινι-</strong></span> 
     </span>
     <span class='ocr_line' id='line_1_28' title="bbox 255 3666 1524 3758; baseline 0.003 -24"><span class='ocrx_word' id='word_1_263' title='bbox 255 3673 376 3756; x_wconf 87' lang='grc' dir='ltr'><strong>τίσσης,</strong></span> <span class='ocrx_word' id='word_1_264' title='bbox 411 3669 584 3754; x_wconf 74' lang='grc' dir='ltr'><strong>διορίζεται</strong></span> <span class='ocrx_word' id='word_1_265' title='bbox 609 3673 666 3734; x_wconf 90' lang='grc' dir='ltr'><strong>καί</strong></span> <span class='ocrx_word' id='word_1_266' title='bbox 691 3679 783 3734; x_wconf 79' lang='grc' dir='ltr'><strong>τοῦτο</strong></span> <span class='ocrx_word' id='word_1_267' title='bbox 806 3666 827 3756; x_wconf 86' lang='grc' dir='ltr'>ἡ</span> <span class='ocrx_word' id='word_1_268' title='bbox 852 3673 1017 3757; x_wconf 77' lang='grc' dir='ltr'><strong>μετριότης</strong></span> <span class='ocrx_word' id='word_1_269' title='bbox 1045 3668 1134 3758; x_wconf 78' lang='grc' dir='ltr'><strong>ἡμῶν</strong></span> <span class='ocrx_word' id='word_1_270' title='bbox 1169 3668 1250 3738; x_wconf 85' lang='grc' dir='ltr'><strong>ούτοε</strong></span> <span class='ocrx_word' id='word_1_271' title='bbox 1279 3676 1430 3754; x_wconf 73' lang='grc' dir='ltr'><strong>γενέσθαι</strong></span> <span class='ocrx_word' id='word_1_272' title='bbox 1466 3679 1524 3738; x_wconf 86' lang='grc' dir='ltr'><strong>καί</strong></span> 
     </span>
     <span class='ocr_line' id='line_1_29' title="bbox 255 3793 1525 3883; baseline 0.002 -25"><span class='ocrx_word' id='word_1_273' title='bbox 255 3793 505 3879; x_wconf 74' lang='grc' dir='ltr'><strong>καταταχθῆναι</strong></span> <span class='ocrx_word' id='word_1_274' title='bbox 538 3793 654 3878; x_wconf 85' lang='grc' dir='ltr'><strong>ταύτην</strong></span> <span class='ocrx_word' id='word_1_275' title='bbox 682 3793 738 3879; x_wconf 87' lang='grc' dir='ltr'><strong>τῆν</strong></span> <span class='ocrx_word' id='word_1_276' title='bbox 773 3794 870 3881; x_wconf 83' lang='grc' dir='ltr'><strong>μονῆν</strong></span> <span class='ocrx_word' id='word_1_277' title='bbox 905 3803 960 3861; x_wconf 80' lang='grc' dir='ltr'><strong>τοῦ</strong></span> <span class='ocrx_word' id='word_1_278' title='bbox 988 3803 1047 3882; x_wconf 85' lang='grc' dir='ltr'><strong>κύρ</strong></span> <span class='ocrx_word' id='word_1_279' title='bbox 1074 3793 1251 3883; x_wconf 87' lang='grc' dir='ltr'><strong>Ἱλαρίιενος</strong></span> <span class='ocrx_word' id='word_1_280' title='bbox 1286 3801 1435 3883; x_wconf 86' lang='grc' dir='ltr'><strong>μετόχιον</strong></span> <span class='ocrx_word' id='word_1_281' title='bbox 1468 3805 1525 3883; x_wconf 84' lang='grc' dir='ltr'><strong>τῆς</strong></span> 
     </span>
     <span class='ocr_line' id='line_1_30' title="bbox 255 3913 1523 4008; baseline 0.002 -26"><span class='ocrx_word' id='word_1_282' title='bbox 255 3913 519 4002; x_wconf 88' lang='grc' dir='ltr'><strong>Μακρινιείσσης·</strong></span> <span class='ocrx_word' id='word_1_283' title='bbox 553 3919 722 3982; x_wconf 78' lang='grc' dir='ltr'><strong>κανονικὸν</strong></span> <span class='ocrx_word' id='word_1_284' title='bbox 750 3920 811 4002; x_wconf 85' lang='grc' dir='ltr'><strong>γὰρ</strong></span> <span class='ocrx_word' id='word_1_285' title='bbox 839 3921 1015 3984; x_wconf 78' lang='grc' dir='ltr'><strong>καὶτοῦτο</strong></span> <span class='ocrx_word' id='word_1_286' title='bbox 1050 3923 1106 3983; x_wconf 89' lang='grc' dir='ltr'><strong>καί</strong></span> <span class='ocrx_word' id='word_1_287' title='bbox 1133 3919 1273 3999; x_wconf 88' lang='grc' dir='ltr'><strong>δίκαιον,</strong></span> <span class='ocrx_word' id='word_1_288' title='bbox 1307 3921 1388 4008; x_wconf 83' lang='grc' dir='ltr'><strong>σλην</strong></span> <span class='ocrx_word' id='word_1_289' title='bbox 1412 3917 1429 3986; x_wconf 91' lang='grc' dir='ltr'><strong>ό</strong></span> <span class='ocrx_word' id='word_1_290' title='bbox 1454 3919 1523 3986; x_wconf 77' lang='grc' dir='ltr'><strong>ἐκί-</strong></span> 
     </span>
    </p>
   </div>
   <div class='ocr_carea' id='block_1_7' title="bbox 242 4021 1524 4254">
    <p class='ocr_par' dir='ltr' id='par_1_7' title="bbox 242 4021 1524 4254">
     <span class='ocr_line' id='line_1_31' title="bbox 242 4021 1523 4134; baseline 0.004 -30"><span class='ocrx_word' id='word_1_291' title='bbox 242 4021 769 4126; x_wconf 74' lang='grc' dir='ltr'><strong>1σκοκος,ούἐττίυτσιοροκηγίιρ</strong></span> <span class='ocrx_word' id='word_1_292' title='bbox 796 4037 817 4128; x_wconf 84' lang='grc' dir='ltr'>ἡ</span> <span class='ocrx_word' id='word_1_293' title='bbox 846 4043 937 4128; x_wconf 79' lang='grc' dir='ltr'><strong>μόνη,</strong></span> <span class='ocrx_word' id='word_1_294' title='bbox 972 4039 1073 4128; x_wconf 83' lang='grc' dir='ltr'><strong>ἐχίτεο</strong></span> <span class='ocrx_word' id='word_1_295' title='bbox 1101 4041 1135 4106; x_wconf 87' lang='grc' dir='ltr'><strong>ἐν</strong></span> <span class='ocrx_word' id='word_1_296' title='bbox 1170 4038 1252 4131; x_wconf 83' lang='grc' dir='ltr'><strong>αὐτῆ</strong></span> <span class='ocrx_word' id='word_1_297' title='bbox 1275 4044 1331 4130; x_wconf 83' lang='grc' dir='ltr'><strong>τῆν</strong></span> <span class='ocrx_word' id='word_1_298' title='bbox 1360 4041 1523 4134; x_wconf 81' lang='grc' dir='ltr'><strong>ἀναφορὰν</strong></span> 
     </span>
     <span class='ocr_line' id='line_1_32' title="bbox 258 4154 1524 4254; baseline 0.006 -28"><span class='ocrx_word' id='word_1_299' title='bbox 258 4157 355 4227; x_wconf 79' lang='grc' dir='ltr'><strong>αὐτοῦ</strong></span> <span class='ocrx_word' id='word_1_300' title='bbox 383 4160 439 4227; x_wconf 85' lang='grc' dir='ltr'><strong>καὶ</strong></span> <span class='ocrx_word' id='word_1_301' title='bbox 466 4165 502 4227; x_wconf 86' lang='grc' dir='ltr'><strong>τό</strong></span> <span class='ocrx_word' id='word_1_302' title='bbox 529 4154 734 4251; x_wconf 84' lang='grc' dir='ltr'><strong>δρειλόμενυν</strong></span> <span class='ocrx_word' id='word_1_303' title='bbox 763 4162 848 4250; x_wconf 78' lang='grc' dir='ltr'><strong>αὐτῷ</strong></span> <span class='ocrx_word' id='word_1_304' title='bbox 878 4157 1056 4232; x_wconf 88' lang='grc' dir='ltr'><strong>κανονικόν.</strong></span> <span class='ocrx_word' id='word_1_305' title='bbox 1098 4164 1146 4254; x_wconf 84' lang='grc' dir='ltr'><strong>ἐφ’</strong></span> <span class='ocrx_word' id='word_1_306' title='bbox 1173 4164 1289 4232; x_wconf 80' lang='grc' dir='ltr'><strong>ἅπασιν</strong></span> <span class='ocrx_word' id='word_1_307' title='bbox 1318 4164 1372 4234; x_wconf 82' lang='grc' dir='ltr'><strong>οὖν</strong></span> <span class='ocrx_word' id='word_1_308' title='bbox 1399 4170 1524 4242; x_wconf 88' lang='grc' dir='ltr'><strong>τούτοις</strong></span> 
     </span>
    </p>
   </div>
   <div class='ocr_carea' id='block_1_8' title="bbox 256 4286 1525 4748">
    <p class='ocr_par' dir='ltr' id='par_1_8' title="bbox 256 4286 1525 4748">
     <span class='ocr_line' id='line_1_33' title="bbox 257 4286 1525 4378; baseline 0.003 -25"><span class='ocrx_word' id='word_1_309' title='bbox 257 4286 416 4369; x_wconf 81' lang='grc' dir='ltr'><strong>ἐγεγόνει·</strong></span> <span class='ocrx_word' id='word_1_310' title='bbox 438 4299 477 4373; x_wconf 81' lang='grc' dir='ltr'><strong>τῆ</strong></span> <span class='ocrx_word' id='word_1_311' title='bbox 517 4287 726 4374; x_wconf 75' lang='grc' dir='ltr'><strong>διειλημμένη</strong></span> <span class='ocrx_word' id='word_1_312' title='bbox 762 4298 843 4374; x_wconf 86' lang='grc' dir='ltr'><strong>μυνῆ</strong></span> <span class='ocrx_word' id='word_1_313' title='bbox 879 4297 934 4375; x_wconf 88' lang='grc' dir='ltr'><strong>τῆς</strong></span> <span class='ocrx_word' id='word_1_314' title='bbox 971 4287 1222 4378; x_wconf 83' lang='grc' dir='ltr'><strong>Μακρινιτίσσης</strong></span> <span class='ocrx_word' id='word_1_315' title='bbox 1256 4295 1313 4356; x_wconf 87' lang='grc' dir='ltr'><strong>καί</strong></span> <span class='ocrx_word' id='word_1_316' title='bbox 1345 4301 1426 4356; x_wconf 81' lang='grc' dir='ltr'><strong>πᾶσι</strong></span> <span class='ocrx_word' id='word_1_317' title='bbox 1460 4302 1525 4366; x_wconf 86' lang='grc' dir='ltr'><strong>τοῖς</strong></span> 
     </span>
     <span class='ocr_line' id='line_1_34' title="bbox 258 4406 1522 4502; baseline 0.004 -25"><span class='ocrx_word' id='word_1_318' title='bbox 258 4406 339 4499; x_wconf 82' lang='grc' dir='ltr'><strong>αότῆ</strong></span> <span class='ocrx_word' id='word_1_319' title='bbox 367 4412 552 4499; x_wconf 83' lang='grc' dir='ltr'><strong>δεαρίρουοι</strong></span> <span class='ocrx_word' id='word_1_320' title='bbox 580 4413 615 4476; x_wconf 86' lang='grc' dir='ltr'><strong>τό</strong></span> <span class='ocrx_word' id='word_1_321' title='bbox 638 4413 738 4498; x_wconf 83' lang='grc' dir='ltr'><strong>τυρόν</strong></span> <span class='ocrx_word' id='word_1_322' title='bbox 761 4407 932 4499; x_wconf 86' lang='grc' dir='ltr'><strong>ύτόμνημα</strong></span> <span class='ocrx_word' id='word_1_323' title='bbox 960 4421 1016 4500; x_wconf 83' lang='grc' dir='ltr'><strong>τῆς</strong></span> <span class='ocrx_word' id='word_1_324' title='bbox 1038 4409 1128 4500; x_wconf 77' lang='grc' dir='ltr'><strong>ἡμῶν</strong></span> <span class='ocrx_word' id='word_1_325' title='bbox 1151 4418 1353 4502; x_wconf 85' lang='grc' dir='ltr'><strong>μετριότητος</strong></span> <span class='ocrx_word' id='word_1_326' title='bbox 1380 4413 1425 4490; x_wconf 82' lang='grc' dir='ltr'><strong>είς</strong></span> <span class='ocrx_word' id='word_1_327' title='bbox 1447 4415 1522 4502; x_wconf 87' lang='grc' dir='ltr'><strong>διη-</strong></span> 
     </span>
     <span class='ocr_line' id='line_1_35' title="bbox 256 4531 1523 4625; baseline 0.004 -26"><span class='ocrx_word' id='word_1_328' title='bbox 256 4543 334 4622; x_wconf 88' lang='grc' dir='ltr'><strong>νεκῆ</strong></span> <span class='ocrx_word' id='word_1_329' title='bbox 359 4533 536 4623; x_wconf 83' lang='grc' dir='ltr'><strong>ἀσφάλειαν</strong></span> <span class='ocrx_word' id='word_1_330' title='bbox 571 4537 688 4604; x_wconf 86' lang='grc' dir='ltr'><strong>κατὰ</strong></span> <span class='ocrx_word' id='word_1_331' title='bbox 717 4543 832 4621; x_wconf 88' lang='grc' dir='ltr'><strong>μῆνα</strong></span> <span class='ocrx_word' id='word_1_332' title='bbox 866 4531 1126 4622; x_wconf 83' lang='grc' dir='ltr'><strong>όκτεύβριυν</strong></span> <span class='ocrx_word' id='word_1_333' title='bbox 1161 4546 1239 4625; x_wconf 90' lang='grc' dir='ltr'><strong>τῆς</strong></span> <span class='ocrx_word' id='word_1_334' title='bbox 1272 4543 1407 4604; x_wconf 77' lang='grc' dir='ltr'><strong>τόντε</strong></span> <span class='ocrx_word' id='word_1_335' title='bbox 1442 4545 1523 4605; x_wconf 86' lang='grc' dir='ltr'><strong>καί</strong></span> 
     </span>
     <span class='ocr_line' id='line_1_36' title="bbox 257 4643 1521 4748; baseline 0.007 -29"><span class='ocrx_word' id='word_1_336' title='bbox 257 4657 463 4743; x_wconf 84' lang='grc' dir='ltr'><strong>δεκάτης</strong></span> <span class='ocrx_word' id='word_1_337' title='bbox 491 4643 1521 4748; x_wconf 30' lang='grc' dir='ltr'><strong>ίτινεμῆσειοςτοϋόξακισχιλιιυοτοόέκτα-</strong></span> 
     </span>
    </p>
   </div>
   <div class='ocr_carea' id='block_1_9' title="bbox 0 0 1588 5274">
    <p class='ocr_par' dir='ltr' id='par_1_9' title="bbox 0 0 1588 5274">
     <span class='ocr_line' id='line_1_37' title="bbox 0 0 1588 5274; baseline 0 0"><span class='ocrx_word' id='word_1_338' title='bbox 0 0 1588 5274; x_wconf 95' lang='lat' dir='ltr'><strong> </strong></span> 
     </span>
    </p>
   </div>
  </div>
 </body>
</html>
