3228 5296
1313 241 1352 305 41

60 453 154 518 της·
186 427 242 495 δι’
286 433 502 528 έροθριῦν
539 437 823 519 γραμμάτων
862 443 938 520 τῆς
981 433 1240 520 βασιλικῆς
1278 435 1357 498 καὶ

59 559 212 630 θείας
247 560 420 644 χειρὸς
455 561 484 638 †.
542 598 545 606 ›

60 907 117 974 v1.
151 905 356 996 Ἕτερον
397 913 645 998 σημείωμα
684 908 794 1000 ὑπὲρ
836 919 913 976 τοῦ
951 913 1239 998 προαστείου
1274 919 1356 974 τιῦν

59 1031 332 1121 Σρούρνυυ,
362 1036 707 1122 γεγονύςπαρά
735 1043 812 1102 τοῦ
841 1033 1356 1132 μητροπολίτουΣμύρ·

68 1241 71 1248 .
203 1179 289 1246 νης
322 1167 464 1244 κυροῦ
497 1157 734 1246 Γεωργίου
768 1168 847 1226 τοῦ
881 1159 1226 1234 Καλοκτένους.

155 1322 180 1398 †
220 1316 344 1404 Μηνὶ
383 1316 498 1405 μαίιρ
534 1317 580 1383 ιε’
611 1315 761 1406 ἡμέρη
797 1317 909 1406 ἕκτη
948 1317 1253 1390 ίνῦικτιιῦνος
1291 1319 1356 1384 ῦ-ε-

61 1444 234 1528 κάκης

156 1565 200 1632 Ὀ
224 1569 467 1642 πανοσιιύτατος
491 1565 523 1631 έν
547 1564 770 1654 ίτρομονιίχοις
799 1572 855 1632 καί
878 1569 1126 1654 καθηγούμενος
1154 1575 1210 1653 τῆς
1239 1567 1358 1650 σιβασ-

62 1695 143 1774 μέας
176 1691 355 1777 βασιλικῆς
384 1685 478 1770 ἁγίοις
509 1701 608 1778 μονῆς
643 1701 698 1778 τῆς
733 1685 909 1777 ύπεράγνου
935 1687 1025 1780 ἡμων
1060 1691 1262 1777 θτομητορος
1295 1699 1357 1754 των

60 1814 231 1900 Λέμβοιν,
267 1821 356 1900 κῦρις
384 1813 527 1892 Παῦλος,
557 1811 731 1902 ὑπόμνησιν
760 1811 932 1903 ἐποιήσατο
961 1814 1007 1889 τίς
1034 1816 1087 1880 τὸν
1115 1815 1270 1899 κραταιὰν
1298 1813 1355 1877 καί

60 1935 160 2018 ἅγιον
191 1935 289 2025 ἡμῶν
318 1934 477 2025 αύθίντην
506 1941 562 2003 καὶ
590 1939 726 2022 βασιλέα
754 1943 835 2025 μετὰ
862 1949 922 2004 των
950 1935 1001 2004 ἀπ’
1028 1934 1131 2004 τούτων
1160 1939 1355 2024 τιμιωτάτων

63 2071 229 2148 μοναχῶν
259 2065 331 2146 περί
354 2081 436 2136 τινος
460 2067 578 2140 τοττίου,
603 2065 643 2126 τά
671 2061 831 2152 Σρούρνου
859 2063 1077 2149 καλουμένου,
1107 2059 1355 2148 [κατεχομένου]

62 2191 155 2272 παρὰ
187 2195 249 2251 τοῦ
273 2186 376 2258 λιίίου
398 2186 619 2270 καβαλλαρίου
647 2195 702 2250 τοῦ
730 2195 885 2273 κραταιοῦ
913 2189 970 2251 καί
999 2184 1091 2266 ἁγίου
1120 2183 1208 2273 ἡμῶν
1237 2181 1356 2250 αὐθέν-

62 2332 121 2375 του
151 2313 218 2374 καί
251 2308 411 2392 βασιλέως
446 2317 500 2372 τοῦ
541 2307 704 2396 Συργαρῆ,
743 2320 847 2397 παρην
883 2309 915 2375 έν
944 2323 983 2398 τη
1018 2312 1149 2396 τοιαύτη
1176 2306 1356 2396 ὑπομνήσει

63 2439 123 2498 καὶ
152 2431 174 2498 {a
210 2443 358 2506 τοιοῦτος
386 2433 607 2519 καβοιλλτίριος
634 2435 749 2520 ῦικαίιμ
777 2455 810 2498 τε
839 2403 947 2520 οὶκτῗῳ
975 2437 1031 2499 καί
1057 2436 1172 2519 ῦικαίφ
1201 2444 1262 2498 τιῦν
1293 2451 1357 2498 κα-

65 2563 191 2642 ρυίκων
222 2553 324 2621 αύτοῦ
351 2567 412 2620 των
435 2555 643 2644 Ποταμηνων,
678 2567 738 2622 τῶν
761 2562 818 2622 καί
843 2555 1111 2644 ἀνακαλουμένων
1146 2562 1182 2626 τύ
1214 2565 1356 2624 τοιοῦτον

66 2684 183 2746 τύπτον
208 2683 253 2744 τά
277 2679 450 2769 Σφυύρνυυ,
472 2685 530 2768 καίΙ
553 2678 592 2744 δι’
618 2678 719 2767 ὄχλου
740 2681 861 2748 πολλοῦ
893 2685 1044 2768 γινόμενα
1066 2685 1106 2747 τὰ
1143 2687 1223 2770 μέρη
1248 2678 1355 2772 ἀμρύ·

66 2827 156 2890 τερα,
183 2801 305 2890 τ’ύρισεν
327 2801 345 2870 ὁ
369 2807 521 2890 κραταιὸς
545 2810 602 2869 καί
630 2801 722 2884 ἅγιος
750 2799 839 2890 ἡμων
869 2801 1028 2893 αὐθέντης
1055 2809 1111 2870 καί
1135 2805 1286 2890 βασιλεύς
1310 2805 1354 2892 τῷ

66 2931 284 3015 περιποθήτω
302 2923 491 3016 αύταῦέλφιμ
507 2938 563 3014 τῆς
580 2926 675 3008 ἁγίας
700 2925 797 2996 αύτοῦ
819 2929 993 3012 βασιλιίας,
1018 2927 1061 3016 τῷ
1074 2932 1354 3014 πανευγενεστάτιρ

68 3051 238 3139 Κομνηνιρ
266 3051 312 3135 τηῐ
338 3049 477 3138 Τορνίκη
506 3061 646 3139 τηρῆσαι
676 3053 732 3138 τὴν
760 3055 908 3139 τοιαύτην
942 3049 1096 3120 ύπύθοσιν
1130 3054 1268 3139 ῦιμερῦς
1297 3058 1356 3117 καί

70 3177 187 3241 ἔκτοτε
226 3178 267 3239 τύ
302 3172 467 3260 ἀπικριθέν
504 3179 592 3262 παρὰ
626 3184 682 3262 τῆς
717 3171 814 3240 αύτοῦ
844 3174 1039 3262 ἀντιλήψεως
1071 3181 1237 3262 στερκτέον
1274 3175 1356 3242 ιίναι

71 3305 170 3387 χωρίς
201 3321 291 3371 τινος
318 3299 555 3378 δικαιολογίας,
579 3303 635 3364 καί
667 3301 977 3386 δικαιολογουμένων
1008 3305 1065 3365 καί
1091 3297 1279 3388 ἀμφοτέρων
1294 3301 1357 3364 τιῦύ

73 3435 174 3510 μερῶν
200 3425 275 3508 περί
299 3431 356 3486 τοῦ
377 3428 489 3488 τοπίοο
513 3427 550 3488 τὰ
575 3423 745 3512 Σφούρνου,
771 3421 886 3489 αὐτίκα
910 3423 1101 3510 ἐνεχείρισεν
1121 3422 1138 3490 ύ
1163 3425 1356 3512 ῦιαληρθείς

72 3547 330 3634 καθηγούμενος
369 3551 471 3632 κρίσιν
505 3550 562 3611 καί
593 3545 856 3612 ἀποκατάστασιν
884 3549 1014 3612 δικαίαν
1049 3557 1104 3612 τοῦ
1137 3551 1354 3635 περιποθήτου

72 3674 166 3737 θτίοσ
208 3679 268 3735 τοῦ
303 3679 460 3755 κραταιοῦ
493 3675 550 3736 καί
580 3669 674 3748 ἁγίου
706 3667 797 3756 ἡμῶν
831 3667 989 3736 αύθέντοο
1018 3677 1075 3738 καί
1104 3673 1261 3756 βασιλέως
1299 3679 1356 3736 τοῦ

73 3795 235 3874 ’ἀγγέλου
271 3797 438 3873 γεγονυίας
466 3793 509 3880 τῷ
535 3797 787 3881 καθηγουμένιρ,
817 3789 870 3860 ὅτε
897 3795 954 3882 την
982 3797 1135 3883 ῦουκικήν
1165 3793 1269 3882 ἀρχὴν
1293 3815 1355 3860 πε-

77 3933 170 4004 ριεῖπε
198 3929 260 3984 τοῦ
284 3921 431 4003 θύματος
453 3928 513 3982 των
537 3919 738 4004 Θρακησίων,
765 3915 824 3983 καί
847 3916 1003 3998 ἀναγνούς
1031 3923 1070 3986 τὰ
1094 3917 1126 3985 ἐν
1151 3915 1231 4006 αὕτη
1256 3915 1273 3982 ὁ
1295 3939 1354 3983 πτ-

78 4047 255 4130 ροεύθητος
283 4035 486 4130 αότοίῦτλφος
513 4050 568 4106 τοῦ
597 4049 753 4126 κραταιοῦ
781 4045 838 4111 καί
873 4039 966 4122 ἁγίου
994 4039 1084 4130 ἡμῶν
1113 4035 1270 4108 αύθέντου
1297 4043 1356 4107 καί

81 4169 236 4250 βασιλέως
260 4167 364 4244 έξεῖπι
387 4163 432 4252 τῷ
455 4163 611 4252 Συργοιρῇ,
636 4161 679 4238 ύις
703 4159 763 4232 ούκ
785 4165 898 4252 ἔχουσι
921 4167 1046 4232 δίκαιον
1070 4165 1100 4231 οἱ
1123 4169 1273 4251 παροικοί
1296 4187 1355 4231 σου

81 4305 237 4358 κατοικεῖν
265 4289 311 4364 είς
340 4293 396 4355 τῦν
425 4283 519 4354 αύτύν
547 4292 656 4366 τύπον,
682 4287 754 4354 ἀλλ’
778 4289 882 4354 ἔκτισε
907 4288 1069 4377 ύρείλουοι
1091 4293 1244 4368 καθίσαι,
1270 4288 1355 4356 ἔνθα

83 4421 132 4480 καί
158 4421 347 4504 σωζομένης
376 4422 434 4500 τῆς
460 4414 582 4486 πόλεως
611 4409 784 4500 ἐκάθηντο,
814 4412 893 4478 ῦῦέ
916 4433 952 4492 γε
976 4413 1139 4500 Συργαρης
1163 4411 1284 4496 ἔλεγεν,
1310 4411 1356 4490 ῦς

87 4538 264 4608 ἀδικοῦνται
288 4537 319 4605 οἱ
335 4541 490 4623 πάροικοι
514 4531 620 4602 αὐτοῦ.
647 4531 835 4602 αύτίκακαί
858 4533 875 4601 ὁ
898 4535 1067 4624 Κομνηνύς
1089 4533 1190 4612 ἐξεῖπε
1206 4539 1247 4602 τά
1270 4541 1356 4624 μέρη

89 4659 253 4752 ύμγύτερα,
290 4667 349 4730 καί
382 4660 451 4724 ἐπεὶ
475 4654 534 4724 ούκ
563 4658 786 4725 ἀναπαύεσθαι
815 4659 859 4734 είς
888 4670 980 4726 τοῦτο
1005 4651 1293 4747 ἀς’ὀιιομύσωνται
1323 4661 1354 4728 οἱ
