3238 5282
309 277 349 342 16

275 489 320 534 κα
354 468 361 490 ’
388 466 473 556 ἡμᾶς
502 475 696 556 σεμνοτάτην
726 479 823 558 μονῆν
852 481 906 537 τού
934 471 966 538 ἐν
996 471 1099 552 ἁγίοις
1127 475 1245 558 πατρὸς
1271 467 1359 558 ἡμῶν
1383 467 1553 535 Νικολάου

282 595 337 680 τῆν
366 591 618 681 ἐπικεκλημίνην
654 603 709 658 τού
737 593 990 680 Παλιρροπάτου,
1026 599 1082 660 καί
1110 592 1230 682 ὀφείλει
1254 593 1404 667 καθέξειν
1434 592 1554 677 ταύτην

282 714 302 804 ἡ
327 725 382 784 τού
406 715 603 802 Προδρόμου,
627 714 670 790 ὡς
695 716 825 803 εἴρηται,
853 721 932 804 μονῆ
956 717 999 793 ὡς
1023 717 1138 782 οόιεῖον
1155 720 1269 803 ταύτης
1293 719 1444 801 μετόχιυν
1470 719 1552 800 μετὰ

280 845 403 905 πάντων
430 851 489 906 τιῑιν
518 840 661 926 ἀρχαίων
696 842 826 906 δικαίων
853 846 910 906 καί
932 847 1108 926 προνυμίων
1134 838 1246 926 αὐτῆς,
1278 839 1375 925 ἤγουν
1400 837 1553 922 ἀμπελά-

282 985 354 1042 νων,
383 967 567 1052 χωραφίων,
596 976 654 1051 γῆς
682 963 819 1052 ὀρεινῆς,
854 967 997 1052 πεδινῆς,
1032 965 1224 1050 νομαδιαίας
1253 967 1307 1028 καὶ
1334 967 1460 1028 πάντων
1490 971 1552 1024 τῶν

282 1088 316 1164 ὀξ
344 1085 488 1174 ἀρχῆθεν
516 1091 727 1176 διαφερόντων
757 1085 836 1175 αὐτῆ
865 1091 996 1154 δικαίων
1026 1089 1100 1154 ἄνευ
1128 1100 1187 1154 τῶν
1213 1090 1492 1174 προσκαθημένων
1520 1083 1552 1149 ἐν

281 1211 323 1296 τῷ
344 1215 428 1296 τύπιρ
445 1221 500 1298 τῆς
523 1215 669 1300 τοιαύτης
694 1222 802 1299 μονῆς,
826 1212 923 1300 ἤγουν
947 1225 1002 1278 τοῦ
1018 1213 1290 1300 Ξηροτίερβούλη,
1314 1216 1455 1276 καὶτῶν
1480 1208 1553 1274 ἑτέ-

281 1355 343 1420 ρων
366 1339 539 1421 τεσσάρων,
563 1343 617 1400 τού
641 1359 674 1400 τε
697 1335 883 1423 Γρηγορίου,
909 1345 963 1402 τού
986 1336 1149 1414 Νικαέως,
1174 1345 1228 1400 τού
1251 1335 1385 1421 Μιχαὴλ
1407 1339 1466 1398 καὶ
1491 1343 1549 1398 τού

281 1457 443 1543 Ἀμπαρά·
468 1455 582 1532 αύτούς
605 1464 666 1544 γάρ
689 1458 746 1524 καὶ
763 1465 877 1546 μόνους
902 1459 1109 1546 ἀπεκράτησα
1134 1462 1338 1544 κατέχεσθαι
1360 1457 1431 1542 παρ’
1459 1457 1551 1542 ἐμοῦ,

284 1585 400 1666 μέχρις
424 1579 461 1647 ἀν
485 1580 577 1662 κάγύ
602 1584 658 1648 σύν
681 1583 751 1667 θεηῖ
774 1595 837 1656 τοῖς
862 1589 956 1656 ζῶσιν
980 1582 1122 1670 ὑπάρχω,
1148 1586 1228 1668 μετὰ
1252 1583 1287 1646 δέ
1312 1583 1366 1667 τῆν
1388 1583 1467 1665 πρὸς
1490 1582 1551 1644 κύ-

281 1725 348 1791 ριον
375 1705 531 1791 ὀκόημίαν
560 1704 722 1793 ὀφείλουσι
749 1711 806 1770 καί
830 1701 915 1772 ούτοι
943 1710 1147 1792 κατέχεσθαι
1169 1710 1255 1790 παρὰ
1279 1715 1334 1791 τῆς
1358 1715 1467 1790 μονῆς,
1492 1705 1549 1788 τῆν

280 1830 316 1892 δέ
340 1849 376 1908 γε
401 1831 497 1916 μονὴν
521 1839 576 1894 τοῦ
601 1829 693 1908 ἁγίου
716 1829 880 1896 Νικολάου
908 1828 1029 1918 ὀφείλει
1052 1836 1200 1916 κατέχειν
1223 1827 1242 1916 ἡ
1268 1832 1347 1914 μονὴ
1379 1837 1434 1893 τού
1458 1828 1549 1912 Προ·

280 1955 398 2039 δρόμου
427 1951 489 2020 ἀπό
517 1961 572 2020 τού
599 1963 651 2017 νύν
680 1959 735 2018 καί
763 1953 807 2026 είς
831 1955 866 2017 τά
890 1951 961 2040 ἑξῆς
989 1959 1046 2018 καί
1069 1955 1103 2026 ές
1126 1958 1162 2019 τύ
1185 1955 1330 2040 διηνεκὲς
1359 1950 1550 2018 ἀναποοπά-

280 2099 362 2149 στως
385 2080 441 2140 καί
465 2075 691 2163 ἀναφαιρέτως,
716 2073 778 2164 οόχ
792 2075 857 2152 ἕξει
881 2079 908 2142 δ’
934 2073 980 2142 ἐπ’
1000 2077 1111 2150 ἀδείας
1134 2074 1154 2163 ἡ
1178 2079 1310 2162 τοιαύτη
1332 2077 1549 2160 πατριαρχικῆ

281 2201 360 2288 μονῆ
392 2209 448 2266 πού
475 2199 664 2287 Προδρόμου
700 2211 913 2286 μεταποιῆσαι
951 2204 1006 2286 τῆν
1039 2209 1093 2266 τού
1130 2199 1221 2279 ἁγίου
1248 2200 1414 2266 Νικολάου
1450 2201 1550 2286 μονῆν

279 2323 325 2397 είς
359 2325 591 2410 πατριαρχικήν
621 2325 735 2412 μονὴν,
771 2323 842 2390 ἀλλ’
867 2322 941 2388 ούδὲ
965 2323 1072 2410 ἕτερον
1096 2323 1261 2412 εόκτῆριυν
1276 2328 1364 2390 ,ναὸν
1389 2325 1551 2410 ἀνεγεῖραι

279 2445 330 2511 ἐπί
345 2454 566 2534 σταυροπηγίιρ
589 2449 808 2534 πατριαρχικῴ
832 2447 864 2513 ἐν
888 2448 930 2533 τῷ
954 2445 1017 2532 ὀλιρ
1041 2453 1174 2534 περιόριρ
1199 2457 1255 2534 τῆς
1279 2450 1426 2534 τοιαύτης
1450 2457 1549 2532 μονῆς

279 2694 334 2760 σύν
363 2693 431 2781 θεῷ
458 2695 626 2780 μέλλοντες
661 2694 907 2782 ἀρχιερατεῦσαι
929 2695 967 2760 ὀν
995 2709 1033 2784 τῆ
1061 2699 1141 2762 καθ’
1170 2695 1256 2784 ἡμᾶς
1286 2697 1449 2783 άγιωτάτη
1479 2695 1544 2762 ἐπι-

280 2829 385 2904 σκοπῆ
414 2819 456 2906 μῆ
481 2819 527 2892 εἰς
552 2818 711 2905 ἀναίρεσιν
741 2818 860 2886 ἀπιδεῖν
885 2830 940 2886 τού
963 2825 1117 2906 παρόντος
1143 2819 1302 2910 ἐγγράφου
1325 2818 1424 2907 ἡμῶν,
1452 2821 1480 2886 εὶ
1503 2823 1543 2906 μῆ

279 2555 339 2634 τού
370 2567 462 2651 ἁγίου
489 2571 668 2648 Νικολάου,
705 2569 789 2636 ἀλλὰ
817 2571 1019 2657 καὶμᾶλλον
1054 2570 1170 2660 ὀφείλιρ
1196 2572 1285 2658 ἔχειν
1319 2569 1411 2651 κάγιό
1439 2576 1497 2636 καί
1520 2570 1548 2634 οἱ
1608 2543 1609 2617 ἀ

280 2943 447 3025 βούλονται
475 2947 531 3015 τὰς
567 2941 647 3029 ἀράς
676 2941 917 3010 ἐπισπάσασθαι
945 2956 1004 3010 τῶν
1034 2943 1131 3024 ἁγίων
1160 2951 1349 3030 τριακοσίων
1377 2946 1544 3010 δεκαοκτὼ
1607 2965 1608 3000 ι

279 3067 443 3154 θεοφόρων
471 3071 612 3152 πατέρων
641 3078 700 3131 τῶν
725 3067 756 3133 ἐν
780 3067 902 3152 Νικαίη
929 3073 985 3132 καί
1009 3077 1063 3133 τού
1087 3073 1328 3148 παναγιωτάτου
1356 3072 1412 3132 καί
1437 3067 1543 3132 οἰκου-

280 3198 411 3274 μενικού
433 3195 640 3278 πατριάρχου,
671 3191 697 3255 εό
721 3194 763 3277 μὴ
789 3195 883 3278 μόνον
908 3189 1028 3280 ὀφειλει
1051 3193 1149 3256 τελεῖν
1175 3193 1307 3277 έτησίως
1329 3195 1386 3255 καὶ
1413 3189 1543 3256 ἀνυστε-

280 3315 381 3398 ρῆτως
404 3310 424 3400 ἡ
449 3323 503 3378 τού
532 3313 722 3400 Προδρόμου
747 3317 826 3402 μονῆ
855 3319 939 3379 κατὰ
963 3317 1017 3402 τῆν
1042 3315 1154 3402 ἑορτῆν
1183 3325 1237 3380 τού
1260 3321 1418 3393 παναγίυυ
1441 3313 1540 3380 Νικο-
1606 3339 1607 3389 γ

281 3437 360 3499 λάου
388 3440 480 3522 χάριν
508 3447 680 3502 κανυνικού
709 3443 819 3526 κηρίον
847 3440 954 3524 λίτρας
983 3443 1141 3524 τέσσαρας
1164 3437 1220 3502 καὶ
1247 3440 1342 3503 πλέον
1366 3434 1469 3502 ούδὲν.
1493 3435 1541 3501 ἐπὶ

280 3559 379 3644 τούτῳ
419 3563 479 3645 γάρ
521 3565 577 3624 καὶ
616 3564 651 3625 τό
689 3565 788 3646 παρδν
827 3559 979 3648 ἡμέτερον
1019 3565 1151 3648 γράμμα
1190 3559 1293 3648 ἐδόθη
1333 3573 1372 3647 τῆ
1411 3563 1538 3645 τοιαύτη

283 3695 363 3771 μονῆ
402 3691 456 3752 τοῦ
494 3683 682 3771 Προδρόμου
721 3685 766 3759 εἰς
807 3685 984 3773 ἀσφάλειαν
1028 3691 1135 3772 μηνί
1177 3684 1419 3773 ὀκτωβρίφ
1460 3685 1536 3749 ὀνδ.

280 3811 468 3894 πρύτηα
