3190 5284
36 734 38 812 ί

1248 291 1305 355 131

75 501 108 546 πι
128 483 174 544 τοῦ
198 481 345 544 τάτωθεν
374 479 650 568 θηλωθησομὲνου
683 479 990 569 ἀμπελοπεριβολίου
1016 531 1023 547 .
1049 531 1056 546 .
1082 531 1089 548 .
1115 531 1122 546 .
1158 490 1308 569 ποιοῦμεν

74 657 125 672 ...
154 609 227 690 τρῦς
249 607 302 692 την
328 608 508 694 σεβασμίων
531 605 589 672 οιαὶ
613 605 707 688 ἁγίαν
731 607 900 694 βασιλικὴν
925 607 1023 694 μονὴν
1047 615 1104 694 τῆς
1127 602 1304 692 ῦτεράγνου

74 732 237 816 θιομητυρυς
253 741 309 818 της
332 728 577 818 Λεμβιωτίσσης
593 735 649 795 ταί
671 733 749 817 πράς
773 733 826 796 τῦν
851 725 899 796 ἀπ’
923 726 1020 818 αίιτην
1042 727 1306 818 ἡγουμιννῦοντα,

73 853 249 941 ἀρομίναχον
271 861 331 939 τιῦρ
352 853 535 920 Κάλλιππον
559 875 590 920 τι.
615 877 640 920 τ.
662 855 769 920 λιταί
792 859 853 940 γὰρ
877 857 912 920 τά
928 853 1305 941 χτρσαμπτλοπερίβολον

73 988 111 1062 της
137 975 333 1066 αὐταῦίλρης
360 973 464 1066 ἡμῶν,
503 987 603 1064 τιυρᾶς
637 976 774 1065 Είρηνης
809 987 865 1065 τῆς
898 975 1103 1065 Γορῦατίνης,
1138 975 1236 1066 ἤγουν
1270 982 1305 1043 τῦ

74 1101 200 1188 ρεριῦιιιῦν
224 1097 323 1188 αὐτῆς
347 1103 383 1166 τῦ
407 1099 495 1176 ἀντῦς
522 1110 577 1166 τοῦ
605 1103 762 1188 περιῦρυυ,
788 1099 886 1188 ἤγουν
913 1103 1138 1188 χερσάμτελυν
1165 1105 1306 1167 πινάιιων

72 1227 123 1302 iio,
141 1225 209 1311 θρῦς
231 1237 328 1312 τρεῖς,
356 1227 461 1312 καρῦα
485 1229 557 1312 μία,
586 1233 667 1312 συνιή
692 1229 750 1312 μία
773 1229 830 1290 ταί
853 1223 898 1300 είς
922 1229 978 1299 τάς
1003 1221 1090 1300 ἰντός
1113 1227 1225 1291 τοῦτου
1247 1226 1305 1291 ῦῦυ

35 1409 36 1414 ,
74 1355 231 1436 συκαμίνους
251 1347 368 1436 μερίδα
392 1353 497 1436 τρίτην
518 1353 739 1436 πιπρασκομτν
762 1351 798 1414 τὸ
823 1348 983 1435 μιριθιοιόν
1008 1345 1114 1436 αὐτῆς,
1140 1345 1216 1434 ὅπερ
1241 1346 1306 1415 ine!

72 1476 129 1558 μετὰ
150 1482 200 1538 τοῦ
228 1470 418 1559 ἀρῦευτιιιοῦ
447 1467 548 1538 αὐτῶν
572 1467 688 1547 ῦῦατος
712 1523 719 1538 .
745 1521 754 1540 .
778 1523 786 1539 .
819 1473 863 1546 τίς
887 1469 1047 1558 ῦπίρπυρα
1071 1469 1181 1552 ἀξάγια
1205 1474 1305 1538 διπα-

71 1600 135 1659 τίνιτ
163 1617 192 1661 τι.
216 1617 242 1662 τ.
268 1597 298 1661 λ.
335 1595 365 1661 εί
384 1597 413 1661 θ’
435 1595 513 1670 ίσως
548 1597 697 1683 βουληθῇ
724 1599 800 1662 ποτὲ
830 1607 890 1660 των
923 1605 1041 1682 τιαιρῦν
1069 1593 1090 1684 ἡ
1120 1593 1304 1686 αὐταῦίλρη

75 1717 146 1806 ἡμῶν,
165 1724 244 1806 ιιυρά
266 1717 388 1808 Είρηνη
410 1715 431 1808 ἡ
455 1719 640 1806 Γορῦατίνα,
664 1728 720 1785 τοῦ
745 1719 935 1808 ἀμφιβαλεῖν
959 1741 988 1784 τι
1011 1717 1073 1785 ἀπὸ
1097 1721 1224 1801 τούτων,
1251 1718 1304 1786 ἵνα

35 1825 36 1828 ¹
73 1841 289 1933 ἀντιστρίρωμεν
323 1839 414 1930 ἡμεῖς
449 1847 488 1908 τά
522 1851 655 1910 τοιαῦτα
689 1849 870 1930 νομίσματα
903 1845 981 1930 πρὸς
1009 1838 1106 1931 αὐτὴν
1138 1841 1304 1932 ἀνελλιπῆ·

34 1985 35 2020 ι
73 1965 108 2030 ’τάν
123 1965 155 2032 ἀί
174 1991 219 2042 τις
242 1966 276 2044 ἐξ
298 1964 387 2055 ἡμῶν
411 1968 559 2055 βουληθῇ
591 1965 766 2054 ἀνατρίψαι
789 1971 829 2033 τὰ
851 1967 961 2042 νιαλῦς
984 1971 1040 2033 ταί
1063 1979 1208 2057 ραντριῦς
1230 1965 1304 2056 ἡμῖν

34 2047 35 2104 ί
72 2091 255 2176 ίιιτραθίντπ
280 2139 420 2158 .....
457 2095 557 2177 ζημίη
583 2085 828 2178 ἀποκιισίίμεθα
857 2089 907 2157 ἀτί
935 2095 970 2158 τά
998 2093 1166 2158 διπλάσιον
1188 2095 1245 2158 καί
1268 2095 1303 2158 τὸ

72 2219 130 2278 mi
150 2220 263 2302 νόμους
299 2215 343 2290 είς
370 2217 423 2280 τάν
451 2215 664 2300 θημόσιυνοι.
694 2237 719 2280 τ.
749 2216 778 2281 λ
814 2218 922 2302 μηνί
957 2219 1131 2302 μαρτίιρ
1166 2215 1246 2283 ίνθ.
1276 2217 1306 2282 α’

34 2337 279 2426 ίτοῦςψί-ρα
308 2339 442 2412 ἔτους
470 2360 500 2404 τι.
530 2361 555 2403 τ.
585 2339 614 2404 λ.

34 2479 35 2492 ’
132 2487 216 2544 ima
238 2481 477 2554 Κωνσταντῖνος
500 2477 517 2544 ί
541 2479 670 2567 Δριμης,
695 2477 839 2568 Νιτιητας
862 2478 879 2545 θ
903 2479 1090 2569 Ψιθυάτης,
1114 2479 1301 2571 ’ίωάννηςί

72 2599 287 2680 λοντοποῦλλυς.

129 2753 300 2826 Subscriptio
313 2754 469 2825 primicerii
485 2753 695 2808 tabulariorum
709 2753 826 2809 Νίςοίαί
845 2755 900 2812 τοῦ
924 2745 1181 2834 Φιλοτιονηγίτοο
1203 2755 1302 2814 solita.

266 2975 374 3046 Lx111.
392 2979 623 3052 6791-1283,
639 2996 745 3042 mense
761 2973 914 3053 ianuario,
931 2973 996 3042 ind.
1014 2975 1066 3042 xl.

218 3127 347 3209 Ιοατωιεε
361 3127 508 3182 &altatus
523 3137 550 3182 ιτ
564 3143 647 3182 soror
662 3129 834 3182 monasterio
850 3125 974 3181 υευάιιπτ
988 3127 1109 3182 vincam

130 3295 241 3374 †'l¹i
291 3299 551 3383 πρατηριον
601 3306 685 3362 τῶν
734 3295 910 3360 παίδων
960 3303 1037 3360 τοῦ
1088 3302 1299 3380 μοναχοῦ

71 3411 336 3486 Σιυυλλάτου
378 3422 516 3508 χάριν
558 3429 636 3484 τοῦ
679 3417 913 3505 ἀρττλίοο
955 3411 1117 3496 αὐτῶν,
1157 3413 1297 3504 υῦπτρ

72 3537 167 3626 νίγυν
193 3543 277 3610 ἀπά
306 3553 384 3632 της
412 3545 747 3632 μητροπόλεως
775 3547 804 3624 †.

128 3685 246 3770 Signa:
275 3685 420 3752 Ἰωάννου
443 3694 498 3750 τοῦ
522 3685 740 3764 Σιιουλλάτου,
769 3683 905 3771 Εἰρήνης
928 3692 985 3770 της
1009 3681 1211 3772 αῦταδίλρης
1236 3680 1297 3748 αι’)-

71 3813 114 3882 ιυῦ,
131 3806 254 3897 Μιχαὴλ
276 3819 332 3876 τοῦ
358 3808 487 3897 ἀνεψιοῦ
512 3805 618 3875 αὐτοῦ.
648 3789 656 3806 ’

129 3949 214 4026 ῒἘν
237 3949 370 4038 ἀνόματι
392 3972 423 4017 τι.
448 3975 473 4016 τ.
500 3953 528 4016 λ.
552 3949 699 4036 Ἰωάννης
723 3947 739 4014 ὁ
763 3949 967 4022 Σπουλλυίτος
991 3952 1046 4013 ιιαί
1069 3945 1089 4036 ἡ
1112 3943 1295 4034 αῦταθίλρη

71 4085 110 4146 ίῦν
130 4071 239 4162 Είρηνη
267 4095 298 4143 ιι.
321 4097 346 4140 τ.
368 4075 397 4140 λ.
422 4075 477 4160 την
500 4083 665 4158 παροῦσαν
690 4072 851 4161 ίγγραρυν
875 4069 936 4136 τισί
955 4069 1172 4158 ἐνυπὸγραρυν
1197 4067 1296 4134 ἀπεν-

71 4196 150 4259 τεῦθτν
170 4209 280 4284 πρᾶσιν
304 4209 359 4263 τοῦ
386 4201 536 4263 τιοίτωθεν
564 4197 840 4284 ῦηλωθησυμίνου
869 4193 1023 4282 ἀμπελίου
1048 4245 1055 4261 .
1081 4244 1088 4258 .
1114 4244 1121 4259 .
1147 4243 1155 4258 .
1183 4201 1294 4258 ποιοῦ-

72 4331 130 4392 ίῦ.
151 4371 157 4384 .
179 4373 185 4388 .
208 4325 285 4408 πρῦς
309 4323 363 4408 την
392 4323 571 4407 σεβασμίων
600 4325 656 4386 ιιαί
684 4318 778 4400 άγίαν
808 4320 975 4405 βασιλικὴν
1000 4318 1098 4404 μονην
1122 4326 1178 4403 τῆς
1202 4313 1294 4403 ῦπιρ-

73 4437 139 4514 ίίίνο
162 4447 357 4534 θεομητορυς
385 4455 440 4532 τῆς
468 4445 712 4532 Λεμβιωτίσσης
739 4448 795 4508 ναὶ
818 4444 895 4528 πρὸς
918 4443 970 4507 τάν
995 4435 1043 4506 ὑπ’
1070 4437 1166 4526 αὐτὴν
1195 4437 1295 4527 ἡγου-

74 4565 212 4641 γτνεῦοντα,
235 4568 445 4656 ίερομῦναχον
466 4577 525 4654 πῦρ
545 4567 728 4635 Κάλλιστον
750 4589 782 4632 τι.
807 4587 833 4630 τ.
857 4567 885 4630 λ.
909 4563 967 4630 τιαί
990 4569 1050 4650 γάρ
1066 4567 1101 4630 τῦ
1126 4563 1292 4650 ἀμτίλιυν,

74 4677 123 4768 ίτερ
145 4687 315 4779 ἀπῆρανοί
338 4707 440 4773 γονεῖς
474 4691 562 4779 ἡμῶν
591 4693 755 4778 χωράριον
778 4691 832 4754 διὰ
860 4689 1079 4770 οιγιλλιιίιθοος
1107 4691 1294 4775 γράμματος

1033 4800 1049 4850 9
1067 4794 1084 4829 *
