3238 5282
1250 253 1312 318 411

53 451 105 504 πᾶν
129 443 327 529 συνεχούσης
347 451 496 530 καιρικής
520 453 580 508 τῶν
599 447 793 532 πραγμάτων
818 444 1003 530 ἀνωμαλίας
1023 447 1081 510 καί
1102 445 1315 532 πολυχρονίου

55 566 206 638 σιτοδείας
235 567 462 654 προσήλθομεν
491 563 559 654 ὑμῖν
595 580 659 644 τοῖς
692 571 993 649 πανευηενεστοίτοις
1029 565 1201 656 ὁμοζόηοις
1235 571 1316 654 μετιλ
1412 572 1414 576 ’

54 689 278 777 παρακλήσεως
307 687 355 754 ότι
382 691 503 778 πολλῆς
537 697 593 757 καί
620 693 808 778 δεδώκαμεν
836 691 957 780 εἴδησιν
992 696 1048 758 καί
1074 697 1145 779 περί
1172 702 1229 781 τῆς
1258 691 1316 758 έκ-

53 817 202 900 τοιήσεως
231 821 285 878 τοῦ
313 809 468 900 ἡμετέρου
498 813 652 900 ἀμπελίου
681 825 735 882 τοῦ
760 814 792 880 έν
816 828 855 904 πή
882 827 1018 904 περιοχή
1047 826 1101 882 τοῦ
1124 815 1315 882 Βελεστίνου

53 937 246 1023 διακειμένου
270 947 325 1004 τοό
348 939 482 1024 πλησίον
506 938 748 1006 Κωνσταντίνου
770 949 825 1004 τοῦ
848 939 1049 1028 Κατζιδώνη,
1073 949 1127 1006 τοῦ
1152 938 1231 1026 έμοό
1255 945 1314 1028 μέν

53 1071 99 1126 που
132 1061 277 1128 Ἰωάννου
306 1059 520 1152 αόττιδέλρου,
556 1061 634 1149 ἐμοῦ
663 1065 699 1128 δὲ
727 1073 783 1151 τής
818 1064 956 1152 Εἰρήνης
985 1063 1220 1153 ἀνδραδέλρου,
1256 1068 1314 1130 καί

53 1185 113 1250 ἐπεί
135 1184 267 1273 εὕρομεν
292 1183 374 1273 ὑμᾶς
397 1187 470 1262 τοός
493 1192 621 1273 κυρίους
649 1187 737 1277 ήμών
762 1189 835 1262 τοός
862 1193 1168 1268 πανευηενεστοίτους
1191 1185 1311 1275 όμοῑό-

18 1307 19 1392 ί
54 1331 120 1387 ηους
146 1308 291 1396 ἑτοίμους
325 1313 402 1396 πρός
437 1312 493 1397 τήν
527 1308 683 1398 ἡμετέραν
712 1313 862 1398 θέλησιν,
898 1310 1226 1400 ἐκοινολοηηοάμτίία·
1256 1313 1314 1378 καί

55 1439 119 1520 περί
140 1443 195 1500 τοῦ
219 1393 396 1522 τιμήματος
420 1443 475 1500 τοῦ
499 1438 642 1500 τοιοότου
670 1434 857 1522 ἀμπελῶνος
881 1445 936 1502 τοῦ
964 1441 1020 1502 καί
1046 1440 1245 1522 ποοουμένου
1269 1435 1315 1510 τίς

18 1613 19 1666 η
55 1555 312 1644 όλοκοτιναραίαν
349 1563 423 1644 μίαν
451 1555 683 1647 ἁλμυριωτικήν
718 1563 806 1645 παρὰ
840 1565 942 1646 τρίτον
976 1564 1032 1626 καί
1059 1565 1314 1649 παραστήσωμεν

55 1685 84 1747 τό
110 1685 219 1748 τούτου
247 1686 370 1770 τίμημα
394 1681 427 1758 ἐξ
450 1655 620 1768 ἀρεσκείας
643 1687 699 1748 καί
723 1685 908 1772 ἀμφοτέρων
937 1681 1032 1774 ἡμῶν]
1054 1695 1114 1748 τών
1143 1693 1245 1770 μερῶν
1269 1683 1314 1760 εἰς

18 1769 20 1852 ἀ
54 1811 226 1892 νομίσματα
249 1801 409 1892 όπίρπυρα
432 1804 510 1870 ἑπτὰ
532 1811 619 1892 παρὰ
643 1811 756 1890 τρίτον,
781 1809 816 1872 τό
840 1803 868 1872 δ’
894 1803 1066 1894 ὑπίρπλεον
1092 1809 1208 1874 τοότων
1232 1805 1314 1872 ἀπο-

18 1991 20 2004 ,
55 1933 252 2016 χαριζόμεθα
278 1941 332 2018 τῇ,
368 1928 410 2004 ώς
434 1929 568 2018 εἴρηται,
605 1926 803 2018 εόαηεστοίτη
837 1943 918 2019 μονή
946 1941 1001 2000 τοῦ
1024 1931 1223 2019 Προδρόμου,
1252 1931 1314 1998 κάν

56 2051 123 2118 ὅσον
150 2053 212 2142 ἄρα
240 2058 297 2120 καί
326 2052 424 2135 ἐστίν,
460 2055 489 2120 εὶ
510 2060 567 2120 καί
601 2059 687 2120 κατὰ
708 2056 790 2120 πολό
814 2059 849 2122 τά
873 2057 1040 2122 διπλάσιον
1063 2052 1257 2143 ὑπερβαίνει,
1293 2056 1316 2122 ἀ

18 2201 19 2278 ρ
55 2178 89 2263 δή
121 2187 175 2242 τοῦ
210 2183 343 2264 χρυσίου
378 2183 559 2266 νομίσματα
593 2173 751 2265 δπέρπυρα
786 2177 864 2244 έπτά
884 2183 978 2266 ’παρὰ
1006 2184 1108 2265 τρίτον
1144 2177 1197 2268 ἀρ’
1227 2175 1314 2266 όμών

18 2295 20 2360 ί
56 2311 108 2364 τών
139 2305 434 2380 πανευγενεοτοίτων
462 2300 627 2388 όμοίόηων
655 2300 699 2376 είς
734 2306 790 2376 τὰς
817 2299 974 2391 ἡμετέρας
1002 2315 1112 2391 χεῖρας
1145 2305 1314 2390 δεξάμενον

18 2397 20 2400 ¹
53 2429 128 2490 κατὰ
158 2429 193 2492 τό
230 2424 467 2511 ἀπαράλειπτον
503 2423 638 2513 ἀληδώς
673 2431 729 2492 καί
763 2427 842 2514 δίχα
877 2425 1068 2514 ἀναρηυρίας
1102 2427 1315 2516 οἱασδήτινος,

18 2521 20 2580 λ
51 2551 317 2644 παραδεδώκαμεν
352 2555 409 2614 καί
435 2546 527 2637 ἡμεῖς
563 2547 757 2616 ἀπεντεῡθεν
791 2555 848 2616 καί
878 2549 940 2616 ἀπό
975 2560 1031 2638 τῆς
1066 2555 1209 2639 σήμερον
1239 2555 1319 2638 πρός

51 2668 122 2756 όμᾶς
147 2673 220 2746 τοός
247 2677 556 2754 πανευηενεστάτους
586 2672 762 2760 δμοζώηοος
786 2678 820 2740 τό
845 2675 1025 2763 διαληρδίν
1054 2673 1129 2741 όλον
1156 2673 1313 2762 ἀμπέλιον

18 2765 20 2842 ἀ
51 2803 96 2862 καί
123 2800 277 2875 καθέξετε
312 2809 404 2864 τοῦτο
434 2799 488 2864 σὺν
513 2803 605 2864 παντί
639 2797 682 2884 τῷ
705 2803 792 2885 μέρει
815 2803 871 2864 καί
899 2800 1088 2886 πληρώματι
1114 2807 1169 2885 τής
1192 2801 1312 2886 διαλη-

18 2927 19 2994 ]
54 2926 179 3011 ρδείοης
203 2933 302 3010 μονής
326 2931 380 2988 τοῦ
403 2922 593 3008 Προδρόμου
623 2922 684 2987 ἀπό
709 2931 764 2986 που
788 2931 840 2988 νῦν
864 2926 920 2986 καί
946 2921 990 2996 είς
1013 2925 1048 2988 τό
1073 2921 1144 3010 ἑξής
1167 2925 1224 2988 καί
1247 2925 1307 3008 μέ·

18 3073 19 3110 3
53 3068 114 3132 χρις
137 3046 174 3112 ἂν
203 3049 238 3112 τό
265 3057 326 3112 πᾶν
353 3044 566 3132 περιΐσταται,
601 3050 732 3132 κυρίως,
757 3042 955 3120 αόδενττκώς
977 3051 1034 3112 καί
1059 3045 1310 3126 ἀνεπικωλύτως,

18 3193 19 3228 ;
54 3175 102 3236 καί
128 3169 279 3238 οόδέποτε
307 3181 367 3236 τών
395 3181 513 3256 κοιρών
542 3169 562 3258 ή
587 3181 646 3236 τών
670 3175 792 3258 χρόνων
815 3168 839 3258 ή
862 3167 955 3257 ήμείς
984 3167 1075 3235 αότοί
1103 3169 1133 3235 οἱ
1160 3167 1310 3254 όμόίοχο

18 3359 20 3380 ,
54 3315 71 3378 η
96 3301 137 3398 τίς
165 3307 226 3360 τών
261 3296 467 3381 κληρονόμων
495 3299 551 3359 καί
578 3296 782 3380 διακατόχων
810 3290 900 3381 ήμών
923 3295 1077 3382 τολμήσει
1104 3291 1309 3380 διασείσαιή

18 3413 20 3450 ³
53 3421 282 3506 ταρενοχλήσαι
311 3429 349 3504 τη
375 3430 456 3505 μονή
486 3428 540 3483 τοῦ
563 3417 753 3504 Προδρόμου
782 3415 831 3482 έπί
858 3417 903 3504 τῷ
930 3419 1110 3505 δηλωδέντι
1139 3415 1318 3504 ἀμπελῶνι,

55 3538 89 3614 ὡς
115 3541 249 3630 ἀληδώς
276 3547 332 3606 καί
350 3535 434 3628 ’δίχα
458 3545 540 3615 τινός
565 3540 759 3628 ἀναργορίας
787 3541 939 3624 λαβόντες
966 3539 1013 3608 ἐπ’
1041 3539 1134 3628 ὄψεσι
1162 3552 1223 3606 τών
1251 3543 1318 3606 κά·

18 3659 19 3736 ]
55 3669 146 3732 τυδεν
175 3662 419 3754 ότοηραψόντων
454 3667 617 3752 μαρτόρων
653 3669 706 3746 τά,
737 3663 780 3738 ώς
809 3665 943 3752 εἴρηται,
979 3663 1058 3732 έπτά
1091 3669 1179 3753 παρά
1214 3671 1319 3750 τρίτον

58 3797 227 3878 νομίσματα
254 3787 428 3877 όπέρπυρσ,
457 3793 514 3855 καί
543 3787 779 3875 όμολοηοώμεν,
815 3787 858 3862 ώς
887 3788 948 3856 ἀπό
972 3798 1027 3854 τοῦ
1051 3797 1103 3855 νῦν
1130 3794 1187 3854 καί
1210 3789 1257 3862 είς
1280 3791 1316 3854 τὸ

59 3909 118 4000 έεής
153 3914 232 3980 εἶναι
268 3917 374 3990 ξένους
409 3918 465 3978 καί
494 3910 679 3998 ἀλλοτρίους
714 3923 770 4000 τῆς
805 3923 860 3978 τοῦ
895 3915 1100 4000 δηλωδέντος
1134 3912 1320 3998 ἀμπελῶνος

59 4049 145 4126 νομής
174 4062 208 4102 τε
233 4043 289 4104 καί
312 4040 515 4116 δεσποτείας,
540 4034 622 4123 ἀμᾶς
646 4039 682 4102 δέ
710 4039 783 4111 τοάς
806 4041 1116 4115 πανευγενεοττίτους
1143 4034 1320 4121 όμοζόγους

60 4160 106 4226 καὶ
121 4166 155 4227 τό
181 4160 257 4236 ὅλος
274 4167 370 4250 μέρος
386 4165 442 4226 καί
457 4162 614 4247 πλήρωμα
630 4172 697 4248 τής,
722 4159 764 4235 ώς
790 4161 920 4248 εἴρηται,
946 4170 1044 4246 μονής
1060 4168 1114 4224 τοῦ
1130 4159 1321 4246 Προδρόμου

18 4277 19 4280 ’
60 4282 129 4348 εἶναι
157 4285 294 4374 ἀληθείς
323 4290 380 4350 καί
416 4284 634 4358 ἀνεκπτώτους
669 4295 774 4370 νομεῖς
809 4289 866 4348 καί
893 4285 1050 4358 δεσπότας
1084 4293 1140 4348 τοῦ
1174 4284 1319 4348 τοιοότου

59 4401 243 4492 ἀμπελώνος.
269 4406 368 4482 οὕτως
393 4405 447 4473 οάν
476 4407 668 4494 ἀρεσθέντες
691 4411 747 4474 καί
776 4411 1045 4496 συμφωνήσαντες
1072 4411 1130 4472 καί
1156 4409 1192 4472 τά
1219 4407 1320 4492 παρόν

60 4537 219 4620 πρατήριον
244 4534 404 4621 έηγραρον
427 4529 516 4619 ήμῶν
540 4530 725 4618 έξεθέμεδα
749 4528 825 4616 ὅπερ
859 4581 1319 4597 .........

351 4656 484 4742 Reliqua
500 4657 624 4731 dosunt,
642 4655 716 4721 solio
733 4677 750 4722 ο
766 4654 875 4722 codice
892 4654 1009 4721 evulso.
