3140 5284
278 216 339 279 162

277 417 339 472 στῶ
368 407 411 493 τῷ
437 413 552 494 καίμπιμ
580 415 634 472 τοῶ
663 405 912 492 Μεμανιωμένοσ
933 409 990 471 καί
1012 407 1066 471 διὰ
1092 414 1220 492 τοπικῆς
1242 406 1450 490 παραδόσεως
1480 403 1536 467 ὲκ-

278 535 421 619 μετρήσω
448 533 483 595 τό
511 531 658 616 δηλωδέν
692 535 854 618 χωροίριον
888 534 944 594 καί
970 531 1149 618 παραδώσω
1183 533 1259 616 πρὸς
1287 531 1341 616 τήν
1370 527 1536 615 εἰρημένην

278 657 384 741 μονήν,
410 656 595 740 σομβιβάσω
618 657 654 718 δὲ
677 658 734 720 καί
758 652 921 742 ἀμφότερα
944 657 984 718 τὰ
1008 652 1088 741 μέρη
1112 664 1172 718 τῶν
1195 655 1251 718 δδο
1277 654 1450 738 βασιλικῶν
1475 675 1536 738 μα·

277 789 337 843 νῶν
364 782 420 844 καί
450 777 612 864 εἰρηνικῶς
639 789 760 866 φρονεῖν
785 777 828 851 ῶς
851 777 1131 862 δοῶλοιΧριστοῶ·
1159 783 1261 842 τοίνυν
1283 781 1339 842 καὶ
1360 774 1450 864 ήμῶν
1473 799 1537 840 πα-

277 906 492 988 ραγενομένων
520 899 638 978 ἐκεῖσε,
663 905 816 968 σωνόντων
845 899 919 985 μεθ’
946 898 1113 1000 ἡμῶνκαὶ
1140 901 1170 966 οἱ
1191 906 1367 986 κρείττονες
1394 911 1456 964 τῶν
1480 901 1538 986 δη-

276 1028 443 1120 λωδεισῶν
466 1025 523 1090 δύο
549 1026 720 1108 βασιλικῶν
738 1034 839 1111 μονῶν
863 1030 1010 1111 μοναχοί,
1033 1029 1161 1111 πρῶτως
1183 1027 1218 1090 δὲ
1247 1024 1277 1090 οἱ
1300 1026 1416 1090 τούτων
1438 1043 1537 1088 πανο-

277 1153 427 1214 σιῶτατοι
450 1151 691 1236 καθηγούμενοι
706 1147 752 1223 εἰς
776 1150 891 1229 λόγους
914 1153 953 1214 τὰ
972 1159 1080 1234 πρῶτα
1103 1147 1300 1235 εἰσήλθοσαν
1322 1145 1358 1214 οὔ
1384 1145 1538 1234 μετρίοις,

274 1270 332 1359 ἀψὲ
361 1274 397 1336 δὲ
424 1275 480 1374 καί
508 1273 599 1358 μόλις
627 1273 842 1360 έχωρήδησαν
870 1275 948 1359 πρὸς
975 1273 1136 1358 εἰρηνικὰς
1163 1273 1365 1360 ξιιμβιβαίσεις
1390 1276 1449 1336 καί
1479 1267 1536 1334 αιί·

276 1399 434 1481 δαιρέτως
458 1400 512 1461 καί
535 1398 590 1482 τήν
615 1401 815 1483 χωραριαίαν
838 1398 1105 1484 διαμετρήσαντες
1128 1405 1187 1483 χήν
1210 1407 1248 1484 τη
1269 1395 1419 1482 εἰρημένη
1444 1399 1537 1479 βασι-

274 1522 349 1608 λική
373 1532 454 1608 μονή
478 1529 537 1586 τῶν
560 1519 695 1604 Λέμβων
718 1521 1001 1607 παραδεδώκαμεν.
1027 1523 1063 1585 τό
1086 1521 1121 1584 δὲ
1151 1531 1262 1608 σχῆμα
1286 1530 1339 1586 ταῶ
1367 1525 1535 1606 χωραρίοο

273 1648 414 1729 περιέχει
443 1640 552 1718 οδτως·
581 1642 642 1708 ἀπὸ
671 1653 726 1708 τοῦ
753 1649 899 1730 περιόροο
926 1647 982 1708 καί
1010 1654 1069 1710 τῶν
1092 1647 1152 1730 πρὸ
1180 1645 1303 1710 πολλῶν
1331 1647 1454 1730 χρόνων
1483 1667 1536 1708 πε-

274 1765 441 1854 πηγμένων
471 1769 642 1850 βασιλικῶν
666 1769 789 1854 στηλῶν
813 1767 857 1841 εἰς
879 1771 1081 1853 περιορισμὸν
1109 1777 1165 1854 τῆς
1192 1779 1252 1834 τῶν
1275 1767 1411 1854 Λέμβων
1437 1777 1536 1852 μόνης

274 1897 442 1978 χωραρίων
470 1897 725 1978 σχηματίσαντες
754 1899 866 1977 σχῆμα
889 1903 1082 1976 τριγωνιαίσν
1110 1896 1165 1956 καί
1189 1888 1281 1977 ὅρους
1304 1894 1455 1967 τάξαντες
1478 1913 1534 1956 πε-

271 2020 450 2102 ποιήκαμεν
479 2015 565 2102 ἔχειν
594 2011 701 2089 οὕτως·
732 2013 911 2102 ἀρχόμενον
940 2013 1001 2080 ἀπὸ
1030 2025 1086 2102 τής
1113 2013 1282 2102 ἱσταμένης
1311 2016 1431 2102 στήλης
1458 2018 1535 2100 πρός

275 2141 397 2225 δυσμὰς
431 2149 487 2226 τῆς
521 2139 775 2226 διαχωριζοόσης
803 2143 842 2204 τὰ
876 2147 1007 2204 τοιαῦτα
1040 2142 1188 2226 χωράφια
1216 2136 1430 2225 ἀνερχόμενον
1458 2142 1535 2224 πρὸς

273 2263 432 2336 ἀνατολὰς
457 2266 549 2349 μέχρι
572 2267 628 2327 καί
650 2274 705 2350 τῆς
730 2261 839 2350 ἐτέρας
868 2265 986 2350 στήλης
1009 2273 1065 2349 τῆς
1088 2267 1144 2328 καί
1167 2259 1265 2348 αὐτῆς
1288 2259 1332 2336 ῶς
1356 2261 1400 2336 εἰς
1423 2267 1535 2348 περίσ-

279 2407 333 2471 ρσν
361 2385 532 2473 ἱσταμένης
566 2391 622 2452 καί
651 2388 904 2473 διαχωριζσόσης
931 2389 1019 2462 δεξιὰ
1046 2390 1085 2452 τὰ
1112 2389 1259 2474 χωράφια
1285 2376 1341 2474 τής
1369 2387 1539 2472 βασιλικῆς

280 2519 378 2596 μονῆς
406 2520 465 2574 τῶν
493 2507 639 2595 Λέμβων,
676 2509 824 2596 ἀριστερὰ
852 2511 887 2575 δὲ
915 2514 954 2575 τὰ
982 2515 1130 2599 χωράρια
1163 2518 1218 2576 τοῦ
1246 2509 1398 2597 Πετρίτζη
1427 2521 1539 2596 πηχῶν

280 2635 551 2720 διαμετροαμὲνων
576 2632 690 2698 ἑκατάν
709 2637 786 2720 πρὸς
809 2646 872 2707 τοῖς
895 2635 985 2700 δέκα.
1008 2631 1075 2699 εἶτα
1097 2632 1313 2719 ἀπερχόμενον
1337 2637 1372 2698 τό
1396 2631 1540 2720 ἀρκτῴαν

280 2761 376 2844 μέρος
399 2765 534 2842 κρατοῦν
558 2759 610 2820 τόν
635 2753 708 2843 ὅρον
732 2755 781 2822 ἰπὶ
803 2768 914 2844 πηχῶν
938 2755 1091 2844 ἑξήκοντα
1114 2761 1170 2822 καί
1193 2757 1249 2822 δόσ
1274 2755 1421 2824 ἀποδιδοῖ
1445 2757 1478 2822 ὲν
1502 2769 1539 2843 τῇ

270 2879 369 2966 ἑτέρη
395 2882 496 2968 στήλη
524 2879 594 2946 κατ’
621 2879 754 2968 ἰσότητα
778 2891 832 2945 τοῦ
857 2879 952 2946 αὐτοῦ
975 2885 1131 2967 περιόροω,
1161 2879 1228 2946 εἶτα
1250 2883 1351 2946 κλίνει
1373 2885 1453 2967 πρὸς
1481 2883 1536 2946 δυ-

274 3009 357 3092 σμὰς
385 3006 420 3068 τό
449 3009 595 3088 τρίγωνον
631 3013 742 3090 σχῆμα
769 3009 825 3068 καί
859 3008 1095 3090 κατερχόμενον
1123 3009 1217 3092 μέχρι
1243 3008 1300 3070 καὶ
1329 3013 1385 3091 τῆς
1416 3007 1536 3091 στήλης

273 3137 328 3214 τῆς
355 3130 431 3213 πρὸς
458 3129 581 3213 δυσμὰς
611 3129 805 3214 βλεπσόσης,
834 3129 915 3192 ἔνθα
938 3126 995 3192 καὶ
1017 3123 1186 3214 ἠρξάμεθα
1212 3103 1324 3216 πηχῶν
1351 3133 1407 3194 καὶ
1435 3126 1537 3194 αὐτῶν

279 3251 373 3332 ἐγγός
394 3273 455 3318 ποι)
477 3263 538 3316 τῶν
562 3250 676 3317 ἑκατόν
701 3249 743 3324 ῶς
767 3257 937 3338 γινομένων
954 3263 1013 3316 τῶν
1035 3263 1147 3339 πηχῶν
1171 3263 1225 3318 τοῦ
1249 3250 1345 3318 αὐτοῦ
1369 3257 1539 3340 σχήματος

278 3376 452 3440 διακοσίων
481 3374 702 3462 ἑβδομήκοντα
735 3380 791 3440 καί
819 3377 885 3440 δύο.
915 3375 964 3440 ὲπί
992 3375 1144 3463 ἁπλότητι
1172 3378 1375 3464 διαμετρήσει
1398 3379 1538 3442 κατελσ·

269 3500 368 3585 γίσδη
401 3499 435 3562 τὸ
459 3503 622 3587 χωροίρισν
646 3497 689 3571 εἰς
711 3503 874 3586 ποσότητα
898 3501 1014 3584 μοδίων
1039 3499 1142 3564 εἴκοσι
1164 3504 1220 3564 καί
1242 3510 1346 3586 τριῶν,
1369 3503 1427 3564 καί
1453 3499 1535 3565 έσεῖ-

277 3618 371 3708 ταιή
397 3618 473 3700 ἁγία
498 3623 575 3708 μονή
601 3619 650 3686 ἐπί
673 3633 712 3709 τη
735 3634 862 3710 κατοχή
887 3631 941 3686 τοῦ
965 3625 1106 3688 τοιούτου
1130 3628 1293 3712 χωραρίοω
1317 3623 1379 3690 ἀπό
1406 3633 1465 3690 τοῦ
1489 3633 1539 3690 νῶν

276 3750 333 3810 καί
357 3737 401 3818 εἰς
426 3747 469 3827 τιίΙ
485 3741 565 3830 ἑξῆς,
591 3745 632 3832 μή
657 3741 850 3831 εάρίσκοσσα
876 3751 962 3832 παρά
992 3767 1074 3820 τινος
1098 3743 1233 3832 ὄχλησιν
1262 3746 1283 3834 ή
1308 3745 1369 3812 ἀπδ
1394 3769 1538 3828 σωηηενι-

277 3875 336 3932 κοῶ
373 3873 540 3953 προσώπου
570 3867 590 3956 ή
615 3867 790 3954 ἀλλοτρίου.
822 3871 876 3934 διὰ
901 3872 961 3955 γὰρ
993 3879 1084 3934 τοῦτο
1116 3868 1256 3950 ἐγεγόνει
1286 3873 1341 3934 καί
1370 3873 1405 3935 τό
1436 3873 1536 3956 παρὸν

275 3989 428 4078 ήμέτερον
457 3991 614 4079 ἔγγραφον
649 3995 734 4068 τάξιν
758 3991 873 4078 ἐπέχον
902 3995 1116 4079 παραδοτικοῶ
1149 3999 1335 4080 γράμματος
1358 3993 1403 4068 εἰς
1429 3993 1535 4084 ἀστρό-

275 4117 363 4180 λειαν
389 4114 594 4188 αἰωνίζοωσαν
622 4125 677 4203 τῆς
704 4117 939 4204 διαληφδείσης
964 4118 1131 4203 βασιλικῆς
1160 4127 1266 4204 μονής.
1297 4121 1402 4205 μηνί
1435 4141 1538 4204 μαρ-

276 4239 451 4323 τίῳίνδ.
478 4241 631 4304 ια’·τσῶ
657 4237 789 4326 ,ςψος
817 4239 996 4322 έτοωςβ.

359 4361 436 4443 †‘0
475 4364 642 4437 δοῦλος
672 4375 749 4430 τοῦ
783 4373 1016 4450 κραταιοῦ
1050 4369 1127 4429 καί
1154 4365 1290 4444 mou
1316 4362 1437 4452 ήμῶν
1467 4361 1537 4429 αιί-

283 4488 452 4550 δέντοω
480 4491 559 4552 καὶ
587 4489 816 4571 βασιλέως
844 4487 1114 4576 Νικηρόρος
1145 4490 1376 4571 σεβαστὸς
1404 4485 1420 4552 δ
1450 4485 1538 4553 Λω-

277 4619 448 4693 σταρίίς
471 4614 500 4688 †.
