3140 5306
268 493 399 562 CXLIV.
419 497 677 580 [6801-1293]‚
695 517 800 562 mense
817 499 907 576 ιιιιιὶο,
926 497 990 562 ind.
1009 497 1059 563 vl.

47 620 163 676 ,Μοιιιιεὶ
182 622 359 696 δρκτοροόιιο
380 629 460 680 ium
482 629 664 699 imperatoris
684 603 878 683 άειιοιάότιιάοο
904 639 987 683 curat
1002 631 1075 701 χἰιιιο
1092 630 1301 700 ροιεοεείοιιιιοι

578 736 753 792 monasterti.

125 859 214 940 ὴΤό
239 862 494 948 ἐσύστερον
519 869 705 944 γεγονός
730 865 1152 932 ἀποκαταστατιιιόν
1174 835 1302 952 γράμ-

44 1005 93 1066 μα
117 987 236 1069 παρὰ
259 985 650 1072 τοόδομεστόκοο
673 999 756 1054 τῶν
780 992 1302 1076 άνατολικῶνδεμάπων

44 1108 90 1169 δι’
118 1105 317 1193 ὁρισμοῦ
344 1121 672 1198 προσκονητοῦ
707 1117 844 1200 χάριν
873 1121 949 1178 τοῦ
975 1119 1198 1200 περιόροο
1224 1124 1303 1201 τῆς

44 1241 197 1318 μονῆς,
222 1229 323 1297 ἐπεὶ
349 1235 785 1301 κατεδοναστεόετο
813 1241 932 1322 παρὰ
960 1247 1042 1302 τῶν
1069 1237 1302 1324 Νεοχωρι-

43 1365 120 1417 τῶν
149 1353 217 1428 εἰς
244 1357 321 1442 τὴν
344 1359 572 1444 περιοχὴν
597 1353 737 1424 αὐτοῦ
764 1363 843 1424 κοιλ
866 1361 1008 1446 νομὴν
1036 1361 1114 1448 τὴν
1137 1359 1302 1426 ἀνάκα-

44 1477 120 1542 δεν
144 1475 532 1565 όροδετηδεῐοαν
555 1487 583 1561 †.

125 1599 211 1682 †01
238 1599 272 1666 ἐν
299 1613 338 1689 τη
366 1605 525 1690 σεβασμὶα
552 1605 703 1693 βασιλικῇ
728 1609 783 1670 καί
811 1615 1028 1692 πατριαρχιιιη
1052 1615 1133 1692 μονὴ
1156 1615 1195 1691 τη
1220 1599 1301 1670 οόιω

45 1749 103 1798 πως
120 1723 358 1813 ἐπικεκλημένη
375 1735 435 1790 τῶν
458 1725 593 1814 Λέμβων
610 1725 839 1814 ἐνασκοόμτνοι
855 1731 992 1814 μοναχολ
1015 1729 1106 1794 δαῖον
1124 1731 1180 1792 καὶ
1201 1749 1301 1814 προο-

43 1849 175 1934 ιιονητδν
197 1851 388 1933 πρόσταγμα
421 1855 679 1936 προκεκομόκασῑ
708 1873 775 1937 μοι,
799 1853 1027 1937 διοριζόμινον,
1063 1845 1146 1923 ὅπως
1173 1853 1301 1937 τηρήσω

42 1975 90 2045 τὰς
113 1973 275 2050 διενέξεις,
300 1972 339 2044 άς
357 1971 484 2058 ἐχοοοιν
509 1971 560 2038 ἐπὶ
582 1973 624 2058 τῷ
644 1977 779 2060 περιόριρ
803 1983 858 2061 τῆς
874 1981 933 2059 γης
957 1970 1060 2038 αὐτῶν
1083 1977 1168 2059 μεεοὶΙ
1186 1995 1220 2038 τε
1244 1983 1300 2040 τοῦ

42 2093 155 2158 ιἰκείοο
178 2094 222 2180 τῷ
243 2093 385 2181 κραταιῷ
407 2099 462 2159 καὶ
485 2093 565 2179 ἁγίῳ
588 2093 677 2184 ἡμῶν
701 2093 841 2182 αόδέντη
869 2099 926 2162 καὶ
949 2097 1085 2180 βασιλεῖ,
1108 2115 1300 2175 πανεογινε-

42 2223 153 2282 οτάτοο
176 2217 285 2284 Δοόκα
312 2227 409 2303 κοροῡ
436 2217 589 2305 Μανοοὴλ
620 2227 676 2284 τοῦ
698 2219 870 2306 Ἀπρηνοό,
895 2223 975 2305 μετά
999 2229 1054 2285 τοῦ
1084 2217 1298 2306 Μαοροζώμη,
1326 2271 1330 2280 .

40 2339 75 2416 ὣς
100 2345 332 2429 κατεχομένων
360 2344 414 2428 τὴν
449 2351 508 2430 γὴν
536 2352 592 2430 τὴς
626 2345 829 2430 Θρακησὶνης
855 2347 912 2408 καὶ
941 2342 1054 2428 ἀρτίως
1081 2345 1233 2408 δοθεῖσαν
1258 2355 1296 2430 τῇ

41 2462 110 2552 αἰτῇ
136 2467 325 2552 Θρακησίνη
349 2462 388 2529 δι’
412 2462 544 2551 ὁρισμοῦ
567 2475 793 2554 προσκονηταδ,
819 2466 865 2531 ἐτι
888 2467 1002 2532 δὲκαὶ
1027 2470 1106 2552 μετὰ
1130 2477 1189 2532 τῶν
1212 2465 1298 2534 Νεο-

38 2601 182 2676 χωριτῶν,
208 2591 265 2652 καί
288 2588 499 2675 οἰκονομήσω,
522 2587 575 2654 ἵνα
597 2588 787 2676 διαμένωσιν
812 2589 1030 2678 άνινόχληιοι.
1054 2595 1111 2655 κοιλ
1134 2595 1219 2656 κατὰ
1242 2593 1306 2678 τὴν·

38 2715 200 2798 περίληψιν
224 2719 279 2776 τοδ
303 2714 445 2776 τοιοότοο
468 2715 562 2776 δείοο
585 2715 640 2776 καί
662 2723 880 2799 προσκονητοδ
905 2701 1151 2799 Ιπροστάγματος
1174 2715 1216 2800 μὴ
1241 2715 1297 2780 δο-

38 2841 142 2922 ιηδείς
166 2831 263 2908 αότδς
287 2831 416 2922 οιότοηλν
441 2834 593 2901 ἀπελθεῖν
620 2837 676 2899 καὶ
698 2845 835 2922 τηρησοιι
859 2833 957 2910 οιότάς
980 2837 1034 2900 διὰ
1057 2840 1113 2908 τὰς
1136 2835 1297 2922 ἐπικειμό-

38 2983 85 3034 νας
112 2959 266 3031 δουλείας
293 2967 348 3044 τὴς
376 2955 491 3044 ἐνοχῆς
520 2979 594 3044 μοο,
631 2955 802 3023 ἀτέστιιλοι
828 2959 945 3044 δικαίῳ
972 2980 1032 3045 μοο
1067 2963 1120 3022 τόν
1154 2959 1297 3045 γαμβρόν

37 3105 99 3165 μοι,
130 3091 193 3167 κῡρ
221 3079 374 3168 Μανοοὴλ
397 3083 451 3144 τόν
477 3080 706 3166 Κριτότιοολον,
735 3083 971 3168 παραδηλιόσας
998 3083 1051 3146 διά
1079 3092 1203 3169 γραφῆς
1234 3103 1295 3168 μου

37 3211 83 3269 ιαί
99 3205 146 3292 τῷ
168 3207 309 3290 δεσπότη
326 3227 395 3290 μου,
420 3203 464 3289 τῷ
479 3207 699 3289 πανιερωτάτφ
724 3206 939 3292 μητροπολίτη
956 3203 1096 3291 Σμύρνης
1118 3209 1175 3270 καὶ
1198 3201 1294 3290 όπερ-
1392 3193 1396 3204 ’

36 3335 117 3416 τὲμφ,
148 3327 194 3402 εἰς
222 3331 258 3393 τό
286 3325 504 3404 ἐξαποστεῖλαι
533 3327 689 3415 ἄρχοντας
717 3337 773 3415 τὴς
796 3327 972 3416 ἐκκλησίας
995 3324 1168 3394 αὐτοῦκαὶ
1191 3326 1293 3394 ἀπελ-

35 3455 95 3518 δεῐν
122 3457 205 3538 μετά
228 3459 283 3516 τοῦ
307 3449 474 3537 εἷρημένοο
496 3451 714 3538 Κριτοποόλοο
736 3457 792 3518 καὶ
815 3450 955 3538 ἐρεοριῐν
978 3456 1058 3539 μετά
1080 3455 1186 3539 πάσης
1210 3451 1293 3540 άλη-

33 3579 122 3648 δείας
146 3579 205 3640 καὶ
227 3573 398 3651 ἐξετάσεως
421 3575 476 3661 τὴν
500 3572 673 3662 άλὴθιιαν,
701 3579 758 3640 καὶ
780 3575 819 3661 δὴ
845 3573 1035 3649 ἀποστείλας
1058 3579 1110 3641 τόν
1134 3597 1168 3642 τε
1192 3581 1293 3663 μέγαν

34 3701 241 3785 οαιιελλάριον
266 3701 318 3762 τόν
342 3695 538 3785 Σταφηδάκη
562 3701 618 3762 καί
641 3700 693 3762 τόν
717 3699 889 3763 σακελλίοο
916 3701 969 3763 τόν
991 3697 1170 3784 Λαπαρδάν
1192 3721 1292 3784 παρι-

32 3829 154 3900 χένοντο
184 3824 265 3908 μετὰ
293 3831 352 3884 τιῑιν
387 3831 537 3907 μοναχῶν
566 3819 610 3894 εὶς
637 3823 690 3885 τόν
718 3824 825 3896 τόπον,
855 3821 938 3885 ἔνθα
965 3825 1021 3885 καὶ
1042 3817 1061 3908 ὴ
1086 3823 1214 3898 διὲνεξις
1240 3819 1289 3908 ὴν.

34 3943 168 4033 ὁπηρχον
198 3947 234 4009 δὲ
262 3943 366 4009 ἐκεῖσε
394 3947 450 4008 καὶ
477 3940 548 4008 όοοι
582 3940 644 4008 ἀπό
671 3953 726 4008 τοῦ
757 3949 875 4030 χωρίοο
902 3951 958 4008 τοῦ
985 3943 1170 4029 Παναρέτοο
1195 3943 1287 4009 Μαν-

35 4077 119 4144 ταίας
147 4073 303 4156 χρὴσιμοι
326 4073 470 4154 γέροντες
494 4067 523 4132 οἱ
545 4070 699 4152 καὶπρὸς
721 4073 871 4132 πίστωοιν
898 4073 1070 4153 μαρτορίας
1094 4063 1299 4151 εόκρόσδειι-’

36 4217 77 4258 τοι
91 4199 147 4258 καὶ
165 4195 298 4280 ἔχοντες
321 4197 377 4265 τὰς
394 4192 530 4278 εἰδήσεις
553 4190 610 4256 καὶ
632 4196 671 4256 τὰ
695 4198 897 4278 γνωρίσματα
914 4201 968 4256 τοῦ
984 4195 1090 4269 τόπου,
1115 4188 1181 4255 ὅτε
1205 4191 1288 4256 Θεό·

35 4320 128 4402 δωρος
151 4316 169 4382 ό
192 4317 363 4403 Μαρτῖνος,
385 4315 548 4390 Νικόλαος
571 4313 589 4380 ό
613 4315 785 4399 Κακαβοῖς,
810 4315 900 4380 Λέων
923 4313 940 4379 ό
964 4315 1133 4401 Ἀρμένης,
1162 4315 1286 4381 Θεόδω-

37 4465 82 4524 ρος
105 4441 122 4507 ό
143 4443 294 4528 Βαρίτης,
318 4435 336 4504 ό
358 4443 490 4526 νομικός
508 4439 676 4526 Γεωργιος,
698 4437 853 4524 Γεώργιος
876 4436 894 4501 ό
923 4437 1128 4522 Παλαμάρης,
1153 4435 1286 4522 Μιχαὴλ

37 4563 291 4642 δ’δξάκοοατος,
319 4562 463 4649 Ἰωάννης
487 4561 504 4628 ό
527 4563 732 4648 Παρδολέων,
761 4559 1021 4644 όΛοχκίβαρδος
1044 4559 1189 4646 Μιχαὴλ,
1218 4559 1284 4626 Ἰω-

41 4694 121 4776 άννης
142 4690 159 4757 ὁ
179 4690 335 4763 Ῥοδινός,
358 4685 519 4759 Νικόλαος
535 4683 552 4750 ό
568 4685 915 4770 Παρδοπεφαηωμένος,
938 4681 1071 4769 Μιχαὴλ
1094 4679 1111 4746 ό
1134 4683 1283 4771 Βαρίτης,
