3140 5284
207 253 286 336 ,ιοο

223 447 282 534 λην
311 443 492 531 ἐστήσαμεν
525 445 579 508 διὰ
614 443 738 531 μαύρης
770 446 887 530 πίτρας
915 439 1054 530 ἐχούσης
1082 441 1255 528 γράμματα
1282 435 1388 526 ὅροια.
1423 434 1497 500 εἶτα

224 568 391 658 στρέφεται
415 570 493 655 πρὸς
521 565 651 655 ἄρκτον,
679 579 788 655 κρατεῖ
812 569 864 632 τύν
889 563 983 632 αύτύν
1008 562 1087 652 ἀέρα
1111 563 1161 630 ἐπί
1182 563 1278 642 πολύ,
1306 560 1392 626 ἐῶσα
1418 557 1496 646 ἀρι-

224 699 321 780 στερὰ
351 697 407 780 μὲν
435 697 474 758 τὰ
503 693 614 758 δίκαια
642 701 702 756 τῶν
726 690 921 777 Σμορναίων,
957 690 1044 765 δεξιὰ
1068 693 1107 754 τὰ
1141 691 1391 773 περιοριζόμενα,
1422 683 1497 748 εἶτα

225 819 337 906 ἐχεται
360 828 414 883 τού
439 813 536 884 αὐτού
561 815 655 903 ἀίρος
684 813 733 882 ἐπί
760 815 840 882 πολύ
874 817 932 880 καί
960 811 1134 901 ἀπίρχεται
1161 817 1257 898 μεχρι
1291 821 1350 876 τῶν
1377 831 1498 896 χωρα-

224 948 301 1034 ρίων
325 951 385 1008 τῶν
409 941 591 1029 Τραχεινων
614 952 675 1006 τῶν
698 941 911 1030 διαφερόντων
934 938 976 1024 τῷ
1002 937 1167 1025 Σμορναίιρ
1190 935 1324 1016 Μύντει,
1348 945 1409 1000 τῶν
1434 938 1498 1000 καί

222 1069 462 1155 πλησιαζόντων
486 1067 527 1152 τῷ
551 1063 654 1131 ἐκεῖσε
676 1069 901 1152 παρακειμένῳ
925 1063 1059 1150 λιβαδίιρ
1084 1061 1126 1150 τῷ
1148 1065 1204 1128 καὶ
1223 1062 1337 1147 λάκκῳ
1356 1058 1496 1136 ἐοικότι,

225 1191 258 1258 ἐν
287 1190 317 1278 φ*
345 1197 402 1256 καί
430 1191 532 1278 στήλη
560 1191 614 1256 διά
638 1191 761 1278 μαόρης
782 1193 900 1274 πίτρας
924 1187 1063 1276 ἐχούσης
1090 1189 1263 1274 γράμματα
1291 1182 1398 1272 όμοια·
1425 1184 1496 1250 ἀπό

222 1320 341 1404 ταύτης
365 1315 479 1412 ἔχηται
502 1323 557 1381 τού
575 1310 671 1381 αάτού
696 1313 791 1400 ἀίρος
812 1315 890 1401 πρὸς
904 1314 1037 1400 δυσμὰς,
1062 1309 1167 1379 δδεύει
1190 1309 1237 1401 ἐφ’
1260 1309 1379 1390 ίκανύν,
1404 1331 1498 1396 κρα-

223 1454 270 1506 τεῖ
297 1443 353 1528 τήν
379 1441 521 1506 παλαιὰν
549 1435 624 1506 ὁδόν
651 1441 708 1504 καί
736 1437 912 1526 ἀπίρχεται
936 1441 1031 1524 μίχρι
1057 1437 1114 1503 καί
1136 1445 1193 1504 τού
1215 1434 1317 1521 ἄκροο
1339 1445 1394 1502 τού
1419 1435 1497 1523 Ξη-

225 1565 425 1654 ροτροχιίλοο
452 1565 509 1628 καί
542 1572 598 1651 τής
632 1560 736 1628 ἐκεῖσε
771 1566 1008 1649 παρακτιμένης
1036 1565 1164 1649 τύρροο,
1200 1557 1241 1646 ἐᾷ
1270 1558 1422 1647 ἀριστερὰ
1452 1565 1500 1626 τὰ

223 1691 336 1756 δίκαια
365 1697 420 1756 τού
447 1685 575 1775 Μόντη,
611 1687 699 1764 δεξιὰ
732 1690 772 1752 τὰ
805 1689 1055 1773 περιοριζόμενα·
1091 1683 1159 1751 εἶτα
1192 1690 1385 1772 γαμματίζει
1412 1689 1500 1772 πρός

223 1813 357 1898 ἄρκτον,
394 1812 506 1898 ἐχτται
534 1819 588 1876 τού
617 1807 714 1877 αύτού
743 1808 838 1896 ἀίρος
859 1812 938 1896 πρὸς
965 1810 1088 1896 δοσμάς
1110 1813 1166 1874 καί
1191 1807 1366 1896 ἀπίρχεται
1394 1814 1500 1898 μέχρι

224 1947 280 2025 τῆς
301 1939 445 2010 παλαιᾶς
467 1932 543 2001 όδού
566 1943 623 2022 τῆς
646 1933 691 2010 είς
713 1937 767 2000 τόν
791 1933 917 2020 Πύργον
941 1932 1173 2021 ἀπερχομένης,
1199 1931 1232 1999 ἐν
1254 1933 1285 2020 μ’
1306 1937 1363 2000 καί
1386 1936 1498 2022 στήλη

224 2067 404 2148 μαρμαρίνη
434 2060 567 2125 πλατεῖα
595 2059 718 2145 ἐχοοσα
747 2061 920 2146 γραμματα
943 2053 1051 2145 ὅμοια·
1080 2055 1143 2124 ἀπύ
1171 2059 1287 2147 ταύτης
1310 2062 1366 2124 καί
1390 2055 1498 2132 αὖθις

225 2183 397 2274 στγέφεται
428 2185 506 2271 πρὸς
539 2183 676 2268 δοσμάς,
707 2181 819 2270 ἐχεται
846 2191 901 2248 τού
930 2179 1026 2249 αύτού
1056 2180 1151 2269 ἀέρος
1175 2187 1234 2248 καί
1267 2192 1323 2270 τῆς
1349 2183 1502 2256 παλαιᾶς

113 2295 116 2302 ’
222 2306 299 2376 δδοδ
323 2313 380 2374 καί
406 2308 562 2392 καταντᾷ,
599 2305 682 2373 ἐνδα
708 2306 834 2395 ήρίατο.
864 2305 882 2374 δ
910 2316 985 2388 γοῦν
1019 2309 1224 2394 περιορισμύς
1257 2319 1318 2373 τῶν
1348 2303 1500 2394 ύπύργων

224 2437 280 2500 καί
297 2433 491 2518 νομαδιαίων
514 2433 616 2497 τύπων
639 2439 695 2517 τῆς
720 2441 818 2520 μονής
841 2427 926 2498 ούτω
941 2429 1184 2518 διελαμβιίνετο,
1208 2436 1264 2498 καί
1288 2433 1322 2498 ἐν
1346 2435 1403 2518 μὲν
1427 2443 1500 2506 τοῖς

224 2555 334 2631 ἄλλοις
363 2551 514 2641 οὐδεμίαν
539 2553 607 2642 εἶχε
631 2555 686 2642 τήν
710 2553 961 2644 ἀμφισβήτησιν,
987 2553 1019 2620 ἐν
1044 2553 1070 2645 ᾧ
1092 2561 1148 2621 καί
1170 2557 1393 2643 διαλαμβάνει
1422 2555 1499 2622 εἶτα

225 2685 392 2768 στρέφεται
419 2682 497 2766 πρός
526 2679 651 2765 ἄρκτον,
675 2690 785 2766 κρατεῖ
811 2683 865 2747 τὸν
894 2676 990 2747 αάτύν
1018 2677 1099 2768 ἀίρα
1127 2680 1176 2746 ἐτί
1203 2681 1283 2748 πολύ
1312 2685 1369 2746 καί
1391 2679 1499 2767 ἀπόρ-

223 2827 317 2892 χεται
345 2807 442 2890 μέχρι
475 2808 532 2868 καί
560 2813 625 2894 τύγ
654 2803 789 2868 δικαίων
819 2814 880 2870 τῶν
914 2810 1086 2893 χωραρίων
1114 2813 1174 2870 τίδν
1207 2805 1417 2892 διαφερόντων
1448 2805 1501 2891 περ’

224 2929 389 3015 Σμορναίιρ
417 2925 539 2992 Μόντει
567 2931 624 2992 καί
651 2925 725 3014 δίης
752 2925 814 3002 ἕως
840 2937 895 2994 τού
923 2927 1186 3016 Ξηροτροχόλοο,
1215 2925 1275 2995 οάκ
1299 2927 1392 3017 ἀλίγη
1416 2932 1498 2994 τού-

224 3075 291 3125 τοις
313 3049 333 3139 ή
355 3052 532 3138 ἀμφιβολία
561 3053 755 3130 καθίστατο,
782 3057 839 3118 καί
868 3055 906 3117 τὰ
934 3057 1138 3140 γνωρίσματα
1161 3049 1202 3141 ήν
1229 3052 1379 3140 ἐκότερος
1402 3055 1498 3140 διερ-

83 3170 87 3183 '
229 3177 372 3261 μηνεύων
400 3185 461 3239 τῶν
485 3178 586 3239 τόπων
619 3174 723 3249 ἄλλως
747 3179 803 3240 καί
828 3169 864 3244 οέ
888 3180 973 3242 κατὰ
998 3181 1072 3263 μίαν
1096 3181 1213 3265 φωνήν·
1236 3175 1327 3265 ήμεῖς
1350 3175 1377 3242 δ’
1403 3177 1504 3264 αἰτη.

228 3301 362 3384 σύμεναι
386 3297 505 3385 ἄνδρας
528 3298 573 3372 είς
598 3304 779 3386 ροιρτορίαν,
805 3299 916 3388 μηδενὶ
940 3303 1056 3367 τούτων
1080 3297 1307 3388 ύποκειμίνοος
1322 3305 1378 3366 καί
1401 3304 1507 3390 φιλα-

227 3421 343 3509 λήύεις
376 3425 435 3486 καί
462 3433 522 3486 τῶν
557 3425 658 3486 τόπων
692 3421 879 3510 εέδήμονας,
913 3427 1119 3513 παρίστησαν
1145 3421 1221 3512 ήμῖν
1247 3429 1305 3490 καί
1333 3424 1506 3514 ἀμφότερα

228 3549 269 3610 τὰ
297 3549 377 3630 μόρη
407 3543 508 3630 ἄνδρα
530 3551 661 3630 περίποο
685 3549 724 3610 τὰ
748 3543 951 3634 ἀγδοήκοντα
973 3547 1030 3614 καὶ
1052 3551 1130 3635 πρός
1154 3547 1353 3637 ἐληλακότα,
1381 3551 1504 3636 κλῆσις

229 3669 265 3733 δέ
289 3663 374 3753 αάτῷ
398 3665 543 3755 Μιχαὴλ,
572 3669 607 3734 τό
631 3665 659 3732 δ’
685 3667 817 3757 ἐπίκλην
839 3670 1015 3758 Βαρύχειρ,
1040 3671 1084 3747 ὣς
1108 3671 1146 3738 ἄν
1169 3674 1205 3738 δί
1229 3675 1353 3747 τούτοις
1379 3673 1501 3762 λοδτίη

228 3797 285 3858 καί
308 3787 328 3879 ή
352 3793 482 3865 διόνεεις
506 3795 562 3857 καί
586 3791 727 3880 εἰρηναῖα
751 3793 800 3882 εἴη
823 3799 1020 3869 κατάστασις
1045 3796 1088 3870 είς
1117 3799 1152 3862 τύ
1176 3796 1370 3884 ἔμπροσθεν·
1398 3793 1502 3884 ἠκού-

230 3935 330 4000 σαμεν
354 3919 414 4000 γὰρ
438 3920 493 3980 καί
517 3925 572 4003 τῆς
601 3925 655 3988 τού
678 3919 759 3983 δεού
784 3917 961 4006 ἐκκλησίας
984 3921 1168 4005 διαπρασίοο
1190 3925 1342 4007 κήρυκος,
1366 3921 1503 3988 Παύλοο

229 4041 312 4119 λίγω
335 4047 391 4104 τού
415 4041 549 4114 σκεύοος
574 4049 630 4127 τῆς
654 4039 807 4128 ἐκλογῆς,
833 4040 875 4114 ὡς
897 4043 995 4128 πίρας
1022 4047 1129 4130 πόσης
1158 4041 1341 4124 ἀντιλογίας
1368 4045 1414 4118 τίς
1442 4047 1502 4130 βτ-

231 4163 362 4248 βαίωσιν
391 4160 408 4227 δ
437 4159 546 4249 ὅρκος,
576 4161 638 4230 ἀνὰ
664 4177 777 4252 χεῖρας
804 4165 912 4249 λαβεῖν
941 4161 1036 4232 αὐτόν
1065 4169 1119 4232 τόν
1146 4177 1201 4234 τοῦ
1228 4174 1339 4254 κορίοο
1363 4173 1503 4255 σταορδν

232 4284 318 4369 αὐτῷ
343 4291 581 4376 προετρέψοιμτν
608 4293 665 4354 καί
689 4283 788 4363 ούτως
816 4298 971 4378 ρανερούν
995 4287 1068 4378 ἡμῖν
1097 4287 1192 4357 αὐτόν
1217 4295 1256 4357 τὰ
1283 4297 1504 4379 γνωρίσματα,

234 4409 320 4495 ἀτηῑ
337 4410 473 4498 παλαιῷ,
498 4409 541 4486 ὡς
566 4411 699 4500 ἐρημεν,
723 4413 955 4500 διελαμβάνετο
980 4415 1185 4500 δικαιώματα
1209 4415 1326 4492 ἔδειξεν
1350 4413 1404 4482 ούν
1429 4413 1509 4505 ἡμῖν

234 4531 331 4607 αάτύς
358 4539 397 4600 τὰ
425 4541 642 4623 γνωρίσματα.
679 4535 746 4603 ἐπεί
772 4537 816 4625 τῷ
843 4540 957 4626 μακρῷ
983 4541 1087 4626 χρόνῳ
1117 4539 1150 4605 αἱ
1178 4542 1293 4628 στήλαι
1320 4549 1376 4605 τού
1403 4543 1507 4610 τόποο

239 4655 473 4744 ἐξεβλήθησαν,
501 4663 558 4724 καί
580 4663 654 4732 νίας
682 4658 773 4746 ἡμεῖς
796 4661 951 4748 ἐτάξαμεν
971 4663 1105 4749 τεύήναι
1129 4665 1261 4752 στήλας,
1286 4661 1329 4738 ὥς
1353 4662 1509 4732 ἐντεδθεν
