3190 5284
257 259 301 323 90

346 449 456 527 Σίγνον
508 438 652 542 [Μιχαὴλ
697 445 807 524 Σίγνον
838 437 968 538 μ’Ἀννης
1077 441 1352 543 ΣίγνονίἸωαίννοο

346 583 400 636 τοῦ
417 571 601 664 Ῥαδξηνοῦ.
693 581 747 658 τῆς
765 564 1036 664 συμΙβίουαίιτοῦ.
1078 571 1145 636 υίυῦ
1169 565 1242 665 τΙοῦ
1266 569 1446 636 Παννοίδου.

344 702 364 777 †
392 694 443 762 Ἐν
472 693 603 779 δνόματι
631 703 684 759 τοῦ
714 697 831 780 πατρός
860 699 914 761 καί
939 703 992 760 τοῦ
1017 693 1084 760 υίοῦ
1109 701 1243 760 καὶτοῦ
1268 692 1362 773 ἁγίου
1385 695 1537 778 πνεῦμα-

256 843 319 890 τος.
348 819 481 908 Μιχαὴλ
511 819 527 884 ό
554 817 708 905 Ῥαδηνός
738 825 794 883 καί
816 815 836 906 ἡ
861 821 972 884 τοῦτου
1002 824 1117 905 γνησία
1141 819 1275 897 σῦζυγος
1302 815 1405 883 Ἄννα
1427 821 1491 880 καί
1518 813 1536 880 ὁ

256 945 510 1031 γυναικάδελφας
545 939 643 1009 αὐτοῦ
682 943 846 1029 Ἰωάννης·
874 941 907 1006 οἱ
937 949 994 1008 καὶ
1033 939 1103 1008 κατ’
1140 939 1243 1028 ἀρχὴν
1275 949 1334 1006 τοῦ
1368 945 1537 1025 παρόντος

256 1063 353 1156 δφους
380 1067 452 1140 τούς
477 1072 598 1152 τιμίους
622 1071 678 1130 καί
703 1067 877 1140 ίωοποιοδς
900 1067 1054 1152 σταυροὺς
1082 1065 1217 1138 υίκείαις
1245 1068 1356 1151 χερσίν
1380 1063 1536 1150 ἐγχαρα-

256 1193 384 1281 ἐαντας,Ι
404 1192 459 1284 τηρ
482 1198 644 1274 παροῦσαν
664 1189 826 1278 ,ἔγγραφον
856 1187 912 1265 καί
941 1189 1156 1278 ένυπῦγραφον
1185 1187 1381 1265 ἀπεντιῦθεν
1400 1192 1459 1254 καί
1488 1186 1536 1257 είς

255 1320 296 1405 τόι
320 1315 391 1406 ἑξῆς
421 1290 501 1400 μετὰ
528 1314 710 1407 καθολικοῦ
739 1315 944 1402 δεφενσίωνος
972 1317 1029 1379 καί
1056 1317 1162 1402 πάσης
1185 1318 1320 1400 νομίμου
1345 1307 1535 1399 ἀσφαλείας

254 1442 422 1532 ηαθαράν,
452 1440 590 1526 φανερὰν
619 1448 733 1523 πρᾶσιν
762 1439 817 1527 τήν
842 1436 873 1512 ἐς
902 1436 1012 1509 ἀεὶτὸ
1037 1436 1306 1524 ἀπαράθραυστον
1333 1439 1389 1502 καί
1418 1432 1537 1520 ἀπερι-

254 1536 417 1650 κλόνητον,
438 1562 525 1651 ἔχειν
553 1559 743 1650 δφείλουσαν
772 1565 828 1629 καί
856 1561 1013 1656 μηδαμῶς
1036 1559 1098 1641 ἀπὸ
1123 1569 1177 1626 τοῦ
1201 1569 1253 1626 νῦν
1276 1563 1353 1624 ποτέ
1376 1557 1485 1644 καιρῷ
1509 1556 1531 1646 ἢ

254 1690 359 1778 χρόνῳ
390 1685 606 1778 ἀνατραπῆναι
633 1683 653 1771 ἢ
679 1667 821 1756 ὁπωσοῦν
844 1685 1133 1772 παρασαλευθηναι
1157 1685 1361 1774 ὀφείλουσαν,
1391 1678 1427 1746 οὐ
1450 1684 1534 1766 παρ’

254 1808 342 1898 ἡμῶν
356 1806 468 1876 αὐτῶν
492 1820 551 1876 τῶν
569 1806 842 1896 ἀπεμπολοόντων,
879 1805 915 1872 οῦ
937 1815 1011 1896 παρ’
1036 1807 1142 1894 ἑτέρου
1177 1807 1373 1893 οἱουδήτινος
1395 1809 1533 1890 προσιό-

254 1957 314 2005 πυυ
343 1941 530 2026 συγγενικοῦ
558 1931 578 2020 ἢ
607 1937 663 1998 καί
685 1930 852 2016 ἀλλοτρίου
879 1933 915 1996 τῦ
940 1933 1082 2011 σύνολον,
1111 1934 1273 2017 τιθέμεθα
1295 1935 1351 1998 καί
1374 1938 1533 2015 ποιοῦμεν

255 2039 418 2133 ίκουσίως,
444 2053 637 2132 αῦτοθελιῦς,
668 2054 843 2139 ἀβιοίστως,
873 2053 1078 2140 ἀπανούργως
1106 2059 1162 2124 καί
1192 2053 1441 2152 ἀμεταμελίγτως
1473 2058 1534 2120 καί

253 2179 320 2285 σόη
337 2181 378 2246 ἔκ
400 2202 482 2252 τινος
506 2179 651 2264 ἀνάγκης
673 2178 694 2266 ἢ
719 2181 789 2264 βίας
812 2178 833 2268 ἤ
857 2181 956 2276 φόβου
980 2175 1002 2268 ἣ
1025 2181 1121 2250 δόλου
1145 2177 1167 2266 ἦ
1188 2188 1383 2274 περιγραφῆς
1406 2176 1427 2266 ἢ
1452 2199 1532 2244 συν-

255 2312 403 2396 αρπαγης
428 2302 449 2396 ἢ
479 2302 621 2376 ίδιωτίας
648 2301 668 2390 ἦ
703 2301 872 2388 ἀγροικίας
897 2301 1076 2390 ἤνομίμου
1105 2306 1228 2392 φοίτιτοο
1253 2301 1386 2382 ἀγνοίας
1413 2300 1433 2388 ἢ
1465 2301 1532 2366 ἄλ-

254 2429 313 2514 λης
342 2429 426 2500 τινός
449 2425 600 2512 ὲπιψόγου
630 2412 910 2521 ἀποτετραμμένης
932 2424 1035 2502 αἰτίας
1063 2429 1140 2512 πρός
1163 2430 1212 2504 σὲ,
1235 2429 1287 2490 τόν
1312 2433 1370 2512 κῦρ
1395 2425 1532 2492 Θεόδω-

255 2572 308 2637 ρον
334 2549 599 2642 τδνιΚουρτίκην,
622 2555 676 2618 καί
705 2551 758 2616 διὰ
787 2559 844 2616 σοῦ
874 2553 950 2636 πρός
979 2551 1013 2616 τῦ
1043 2546 1101 2616 δπῦ
1123 2553 1163 2621 ,σὲ
1192 2547 1275 2618 ἅπαν
1306 2554 1414 2634 μέρος,
1441 2550 1532 2636 κλη-

255 2678 407 2768 ρρηόμους
443 2678 499 2740 καί
533 2674 719 2759 διαδόχαυς,
742 2675 1134 2770 καθόςδηλωθησεται.
1159 2678 1216 2741 καί
1245 2677 1304 2760 γὰρ
1340 2677 1379 2740 τὰ
1408 2671 1532 2740 ὲλαῐκῦι

254 2799 370 2890 δένδρα
386 2801 434 2867 τὰ.
449 2809 583 2892 γονικῶς
607 2802 662 2866 καί
678 2799 918 2886 κληρονομικῦς
941 2794 1014 2884 ἡμῖν
1031 2799 1231 2892 διαφέροντα,
1256 2801 1295 2865 τὰ
1318 2801 1374 2864 καί
1397 2797 1531 2863 διακεί-

254 2944 334 3008 μενα
363 2921 433 2992 ἀπό,
455 2923 580 3015 βορείου
608 2926 730 3018 μέρους
756 2931 810 2990 τοῦ
829 2921 996 3012 νΙΙλανίτου
1026 2927 1080 2987 καί
1106 2930 1272 3008 πανταχοῦ
1303 2923 1529 3008 πλησιάζοντα

252 3049 498 3138 τδπροοίοτειον
527 3041 794 3136 τηςοὶγιωτσίτης
830 3047 1053 3137 μητροπόλεως
1084 3044 1238 3132 Σμύρνης,
1272 3041 1370 3130 ἤγουν
1406 3043 1528 3128 δένδρα

253 3171 381 3234 δώδεκα
401 3173 457 3234 καί
481 3167 575 3244 ἀλλα,
605 3165 697 3236 ὁποῖα
726 3169 863 3256 διοίφορα
887 3155 1002 3265 δένδρα
1026 3165 1198 3256 εὑρεθῶσιν
1223 3165 1254 3234 έν
1279 3145 1325 3253 σιμ
1345 3163 1429 3252 αότμ
1453 3189 1525 3253 χω-

252 3296 365 3380 ραφίιρ,
391 3296 470 3394 μαρὰ
492 3294 615 3356 πάντων
640 3302 699 3354 τῶν
723 3293 855 3359 δικαίων
879 3295 936 3361 καί
962 3297 1139 3378 προνομίαν
1169 3286 1279 3368 αὐτῶν,
1307 3291 1526 3376 βουληθέντες

252 3384 493 3501 ἑκπυιησααθαι
521 3416 575 3500 την
598 3425 716 3500 πρᾶσιν
736 3417 852 3480 τοῦτων
876 3416 1105 3503 διεφημίσαμεν
1133 3417 1348 3501 πανταχόθεν·
1374 3410 1416 3484 ὡς
1441 3415 1479 3477 δέ
1504 3437 1524 3502 η

250 3543 320 3623 περὶ
352 3533 452 3602 αὐτῶν
481 3542 570 3626 φήμη
600 3537 726 3626 ἔφθασε
749 3542 805 3602 καί
833 3535 877 3610 είς
901 3541 957 3610 τὰς
981 3541 1040 3610 σὰς
1064 3535 1166 3610 ἀκοὰς
1191 3547 1245 3602 τοῦ
1269 3525 1366 3622 πυροῦ
1391 3537 1525 3604 Θεοδώ-

252 3685 308 3748 ρου
336 3671 391 3726 τοῦ
415 3648 593 3752 Κοδρτίκη,
616 3635 789 3749 Ιτήθέλησας
818 3671 918 3726 ταῦτα
944 3659 1180 3751 ἐξωνήσασθαι,
1204 3663 1260 3726 καί
1284 3661 1390 3740 λόγων
1420 3666 1524 3745 μέσον

250 3782 338 3872 ἡμῶν
368 3783 537 3871 γινομένων
548 3757 635 3870 ’.περί
664 3757 728 3848 τοῦθ
748 3786 924 3871 τιμήματος
954 3779 1069 3860 αὐτῶν,
1106 3781 1234 3870 δστερον
1265 3789 1524 3871 περιεστησαμεν

252 3905 328 3974 αάτῦ
346 3908 408 3974 ἀπὸ
425 3914 606 3996 συμφωνίας
627 3911 682 3971 καί
699 3905 868 3992 ἀρεσκείας
888 3905 977 3994 ἡμῶν
994 3906 1039 3980 είς
1056 3913 1301 3994 νομίσματα...
1323 3909 1439 3983 δεκαέξ
1464 3907 1524 3972 καὶ

250 4035 402 4116 λαβόντας
427 4031 488 4097 ἀπδ
513 4039 572 4097 τῶν
597 4041 710 4117 χειρῶν
736 4053 792 4094 σου
817 4029 861 4102 είς
885 4033 940 4103 τὰς
964 4027 1052 4116 ἡμων
1073 4041 1183 4117 χεῖρας
1208 4031 1255 4096 ἐπ’
1280 4028 1351 4118 ὄψει
1371 4043 1430 4096 τῶν
1456 4037 1522 4096 καί-

249 4159 352 4224 τωθεν
376 4155 562 4244 δφιιλόντων
598 4150 778 4239 ὑπογράψαι
814 4155 987 4240 μαρτύρων,
1023 4159 1079 4218 καί
1113 4155 1228 4228 τελέως
1263 4152 1433 4228 ἐκστάντες
1463 4167 1521 4243 της

250 4276 351 4346 αὐτῶν
386 4281 586 4365 διακατοχῆς
619 4281 676 4342 καί
700 4286 809 4364 Ινομῆς
845 4275 1047 4366 ἀκχωροῦμέν
1083 4301 1135 4366 σοι
1170 4277 1385 4364 ἐπιλαβέσθαι
1413 4275 1520 4351 αὐτῶν

249 4407 333 4490 ματιδΙ
352 4415 411 4471 τιῐιν
435 4405 641 4490 κληρονόμων
657 4405 722 4490 καί
745 4402 907 4487 διαδόχων
931 4405 987 4468 καί
1014 4406 1171 4468 παντοίων
1194 4423 1251 4468 σου
1275 4411 1334 4468 τῶν
1359 4403 1520 4468 διακατέ-

248 4544 317 4613 χαν
338 4527 390 4600 ’νίς
407 4528 491 4599 (τοδε
526 4525 612 4612 έίῆςι
626 4521 767 4599 ἅπαντας
790 4529 846 4592 καί
875 4525 1032 4611 διηνεκεῖς
1066 4527 1211 4610 χρόνους,
1241 4523 1352 4592 ἄδειαν
1383 4526 1520 4614 ίχοντός

250 4672 306 4714 σου
330 4654 414 4715 κατὰ
438 4661 542 4714 πᾶσαν
567 4647 710 4724 ἐξουσίαν
732 4649 860 4726 πωλεῖν,
884 4649 1072 4733 δωρεῖσθαι,
1102 4645 1320 4730 ἀνταλάττιιν,
1345 4653 1517 4737 προικοδο-
