3190 5284
1253 259 1314 324 105

77 473 143 534 ιυρος
168 459 219 534 τῆς
242 449 495 539 Λεμβιωτίσσης,
526 453 609 519 ἔνθα
637 457 694 520 καί
723 451 786 532 ἐγὼ
815 451 881 537 ἔχω
910 453 965 537 τὴν
992 453 1208 538 πληροφορίαν
1241 473 1310 536 μου.

75 573 161 647 ἐλπίζω
193 574 226 638 δὲ
257 575 478 662 βραβεοθῆναί
514 598 567 662 μοι
595 577 637 641 δι’
673 573 771 664 αὐτῆς
799 579 855 640 καί
884 576 939 662 τὴν
964 577 1120 661 σωτηρίαν
1156 595 1226 660 μου,
1256 578 1313 637 καί

75 699 271 783 τιηλλύσαμεν
299 702 339 762 τὰ
362 703 511 786 χωριίμια
535 709 591 764 τοῦ
615 698 768 784 Ποταμού
790 703 870 785 μετὰ
898 708 953 786 τῆς
980 696 1203 775 Μονοπεύκου,
1233 694 1312 782 ἅπερ

75 819 188 884 δτέλυκα
215 819 419 908 ἀνενύχλητα
453 827 555 910 πάντη
580 828 636 887 καί
661 822 827 910 ἀτάραχσ,
865 823 906 908 μη
932 821 1016 908 ἔχων
1040 845 1085 894 τις
1115 819 1225 885 ἄδειαν
1250 817 1312 885 ἀπὸ

74 953 111 1009 τού
133 950 239 1030 μέρους
266 942 372 1032 ἡμῶν,
401 943 476 1032 ὅπερ
506 945 698 1033 ἀπεύχομαι,
724 949 805 1033 μηδὲ
829 945 952 1026 γένοιτο
980 943 999 1032 ἤ
1025 943 1087 1010 ἀπὸ
1112 955 1171 1009 τῶν
1195 950 1312 1010 τὲκνων

72 1065 176 1154 ᾑμωνῆ
205 1066 267 1132 ἀπὸ
297 1079 359 1132 τῶν
395 1067 571 1154 ἀνθρώπων
600 1069 620 1156 ἢ
650 1068 712 1134 ἀπὸ
741 1081 921 1156 προσγενῶν
956 1066 1088 1156 ἡμῶνῆ
1118 1065 1213 1142 αύτδς
1248 1066 1311 1148 ἐγὼ

72 1201 109 1254 τού
128 1189 298 1276 ἐνοχλῆσαι
320 1195 376 1279 τὴν
400 1196 546 1280 τοιαύτην
572 1195 669 1280 μονὴν
694 1193 713 1282 ἢ
739 1197 773 1258 τύ
799 1197 894 1278 μέρος
918 1189 1016 1279 αύτης
1039 1189 1136 1256 ἕνεκα
1159 1203 1219 1256 τῶν
1243 1215 1310 1256 τοι·

72 1317 142 1378 ιύτων
166 1321 349 1402 χωραιρίων·
380 1313 465 1388 ὅστις
489 1318 524 1380 δὲ
549 1318 697 1404 βουληθῇ
724 1315 899 1404 ἐνοχλῆσαι
926 1313 1040 1390 αύτούς
1062 1314 1083 1402 ἢ
1106 1317 1312 1401 παρασαλεύ-

71 1461 106 1502 ιιι
127 1443 177 1511 τὰς
203 1439 363 1526 στήλλας,
393 1441 431 1513 ἃς
455 1437 556 1525 ὥρισα
580 1442 644 1520 ἐγὼ
668 1445 724 1506 καί
752 1441 1036 1528 κατεστηλλωσαν,
1064 1438 1117 1504 ἵνα
1142 1437 1312 1504 ἐπισπᾶται

70 1566 108 1634 τὰς
126 1560 198 1646 ἀρὰς
218 1573 283 1626 τῶν
312 1569 501 1646 τριακοσίων
530 1565 698 1630 δεκαοκτιδ
727 1541 892 1652 θτορύρων
920 1567 1073 1649 πατέρων,
1102 1565 1158 1627 καί
1180 1559 1200 1649 ἡ
1226 1567 1312 1649 μερίς

71 1683 140 1750 ιύτού
166 1690 245 1772 μετὰ
284 1695 340 1751 τού
376 1685 493 1751 ἀθλίου
516 1686 629 1752 Ἰούδα.
664 1689 719 1753 διὰ
754 1691 814 1773 γὰρ
849 1696 941 1752 τοῦτο
966 1685 1108 1766 ὲγεγύντι
1142 1688 1176 1750 τύ
1211 1689 1312 1770 παρύν

29 1795 30 1798 “
69 1806 190 1894 ἡμέτερον
224 1813 363 1896 γράμμα
396 1813 452 1874 καί
487 1807 629 1898 ἐπεδόθη
663 1809 706 1895 τῷ
732 1815 908 1898 τιμιωτάτῳ
944 1813 1192 1898 καθηγυομὲνῳ,
1227 1807 1313 1896 κυρῴ

29 1945 30 1948 ’
71 1931 218 2016 Καλλίστῳ,
249 1937 310 1996 καί
331 1945 395 2006 τοῖς
420 1929 469 1999 ὑπ’
493 1929 588 1998 αύτδν
618 1931 829 2020 ἀσκουμένοις
859 1945 1013 2020 μοναχοῐς
1037 1942 1093 2019 τῆς
1116 1934 1311 2022 διαληφθεί-

28 2105 31 2250 I

27 2324 29 2388 I

27 2389 29 2446 I

26 2823 28 2898 I

70 2057 154 2142 θείιης
175 2057 358 2142 σεβασμίας
387 2066 485 2143 μονῆς
513 2057 558 2130 εἰς
582 2055 760 2146 ἀσφάλειαν
780 2062 836 2122 καί
867 2059 1047 2142 βεβαίωσιν.
1077 2060 1183 2144 μηνί
1211 2077 1310 2144 ρευ-

71 2185 242 2266 ριοαρίιμ
270 2179 354 2244 ίνδ.
384 2181 613 2266 δεοτίρας
643 2185 674 2260 †.

130 2337 207 2418 †‘0
241 2339 417 2412 δοῦλος
446 2347 523 2404 τοῦ
557 2349 791 2424 κραταιοῦ
819 2343 897 2404 καί
926 2337 1063 2418 ἁγίου
1091 2336 1213 2426 ἡμῶν
1244 2333 1313 2403 αύ-

69 2459 1129 2548 θίντουκαίβασιλέως,ΜανουὴλύΔούκαςγ.

422 2761 558 2829 XLVIII.
577 2759 654 2828 Sine
670 2782 752 2830 anno
769 2769 930 2830 otmense.

464 2927 596 2986 Βουσίύο
612 2927 761 2986 Μαπνείίε
780 2927 889 2986 Dueao.

129 3091 361 3183 †'Etsp0v
389 3099 576 3182 γράμμα
604 3107 681 3162 τού
710 3093 851 3162 αύτού
880 3095 1032 3164 Δούκα
1059 3101 1198 3183 χάριν
1230 3107 1312 3160 τῶν

70 3219 241 3306 σιδηρίων
268 3225 301 3302 †.

26 3749 28 3834 I

130 3375 275 3466 Ἡμέττρε
307 3376 469 3464 ἄνθρωπε,
499 3387 558 3467 κύρ
586 3379 718 3468 Μιχαὴλ
742 3379 926 3466 Χαματηνὲ.
952 3384 1102 3458 γίνωσκε,
1132 3375 1181 3444 ὅτι
1205 3379 1312 3456 ἔταξα,
1399 3433 1401 3439 s

69 3494 103 3559 ἵνα
125 3499 245 3566 ἐπιδιδῶ
276 3498 351 3566 κατ’
380 3501 451 3576 ἔτος
473 3506 550 3588 πρύς
574 3504 647 3577 τούς
672 3503 834 3590 μοναχούς
862 3513 917 3590 τῆς
942 3504 1121 3589 σεβασμίας
1145 3503 1314 3590 βασιλικῆς

68 3633 139 3708 μονῆς
159 3635 211 3713 της
228 3623 411 3712 ύττεράγνου
435 3648 496 3711 μου
512 3629 714 3712 θεομήτσρος
738 3635 793 3714 τῆς
817 3624 1061 3713 Λεμβιωτίσσης
1091 3628 1206 3714 σίδηρα
1230 3647 1313 3712 κομ-

69 3747 140 3824 μάτια
154 3752 405 3836 τεσσαράκοντα,
430 3751 486 3814 καί
504 3749 673 3834 μέλλουσιν
691 3749 852 3836 ἔρχεσθαι
875 3747 927 3814 ἵνα
949 3747 1101 3836 ἐπαίρουσι
1124 3759 1233 3827 ταῦτα,
1258 3753 1314 3813 καί

69 3863 190 3936 ἐτιδίδττε
226 3867 313 3938 αύτὰ
336 3875 414 3957 πρὸς
442 3868 556 3946 αύτούς
585 3877 669 3937 κατὰ
699 3875 839 3960 μάρτιον,
868 3877 924 3938 καί
961 3873 1059 3960 μηδὲν
1087 3873 1313 3959 προβάλλεσθε

69 3997 115 4056 τινὰ
129 3993 279 4084 ἀρορμὴν,
305 3993 326 4082 ἢ
344 3995 439 4081 λείψη
456 3993 518 4060 ἀπὸ
535 4005 595 4060 τῶν
612 3999 854 4082 τεσσαράκοντα
877 4001 1050 4082 κομμάτων
1067 3997 1099 4061 ἓν
1123 3997 1312 4081 κομμάτιον.

70 4119 107 4179 καί
127 4113 158 4182 ού
185 4117 342 4207 συμιρέρει
371 4141 436 4196 σοι,
466 4117 550 4184 ἀλλὰ
579 4115 677 4192 ούτως
704 4120 807 4201 θέλω,
836 4117 888 4184 ἵνα
913 4117 1073 4206 ὲπιδιδῆτε
1096 4122 1174 4204 πρύς
1198 4114 1314 4190 αύτούς

70 4245 118 4301 κατ’
143 4241 208 4316 ἔτος
231 4245 321 4306 κατὰ
351 4245 385 4305 τύ
411 4237 659 4326 ἀπσράλειπτον,
694 4247 751 4306 καί
784 4247 918 4330 ποίησον
955 4239 1053 4317 ούτως
1081 4242 1312 4328 ἀνυπερθὲτως,

70 4364 154 4438 ιιθύς
175 4371 287 4456 γράφω
313 4361 394 4451 ύμῖν.
419 4365 634 4454 ρυλαχθείης.
665 4372 773 4454 μηνί
803 4372 978 4454 μαρτίιρ
1006 4365 1086 4432 ίνδ.
1116 4367 1141 4450 β’
1172 4371 1202 4446 †.

132 4521 208 4601 †‘0
243 4525 419 4596 δοῦλος
446 4533 524 4588 τοῦ
552 4533 783 4609 κραταιοῦ
818 4530 897 4590 καί
924 4523 1061 4605 ἁγίου
1088 4521 1211 4612 ἡμῶν
1243 4521 1314 4592 αύ-

72 4643 1127 4734 ύέντουκαίβασιλέως,ΜανυυήλύΔούκαςῒ.
1227 4739 1230 4748 .
