3140 5284
297 251 359 314 192

296 446 564 522 Κάλλιστος
587 453 740 536 παρὼν
763 455 841 515 καὶ
865 446 1004 524 αύτύς
1027 454 1101 515 καί
1125 457 1368 535 μαρτυρεῖν
1391 446 1569 529 γράψας

168 594 187 626 ο
295 567 590 658 ύπὲγραψαγ.

577 819 639 886 ΟΧ.
656 820 887 900 6744-1236,
906 839 1012 891 mense
1028 817 1132 908 aprili,
1148 817 1214 884 ind.
1230 817 1283 884 IX.

510 967 638 1022 Ιοαπιτιε
653 965 896 1022 Βόαόάυσοπατωι
906 970 1082 1042 Ιιιιοτιαυίειτύ
1097 984 1229 1039 campum
1242 966 1348 1023 αυπάύτ.

381 1133 484 1216 ’γΤό
515 1139 773 1223 πρατήριον
808 1135 1043 1225 ἔγγραφον
1078 1144 1155 1200 τοῦ
1189 1101 1565 1219 Ῥαβόοκανάκη,

293 1268 371 1346 της
400 1261 626 1340 γυναικός
661 1257 801 1325 αύτοῦ
829 1265 907 1327 καί
942 1269 1020 1347 της
1047 1261 1283 1346 πενθερᾶς
1309 1262 1447 1346 χάριν
1480 1268 1569 1322 τῶν

293 1380 1290 1472 χωραρίωντῶνύντωνείςτύύημόσιυνγ.

381 1521 465 1603 †‘O
493 1524 662 1598 δοῦλος
696 1533 773 1590 τοῦ
807 1531 1037 1612 κραταιοῦ
1065 1528 1144 1589 καί
1173 1521 1309 1604 ἁγίου
1336 1517 1459 1609 ἡμῶν
1492 1518 1566 1584 αύ-

291 1649 462 1714 θίντυο
497 1649 577 1714 καί
612 1645 842 1734 βασιλύως
875 1647 1088 1734 Ἰωάννης
1122 1644 1139 1710 ό
1174 1644 1569 1734 Ῥαβόοκανιίιιης

291 1771 913 1859 οἰκτίαχειρὶπροόταεαγ.

379 1911 491 1994 Σίγνα·
523 1910 644 2000 Ἀννης
674 1921 732 2000 τῆς
765 1913 901 1993 συζύγου
931 1908 1027 1978 αύποῦ
1060 1915 1116 1976 καί
1148 1877 1276 1999 Μαρίας
1309 1921 1366 2000 της
1399 1911 1565 1996 πενθερᾶς

291 2030 399 2101 αύτοῦ.

380 2175 476 2258 γἘν
506 2173 639 2262 ὀνόματι
665 2197 697 2242 κ.
725 2199 751 2242 τ.
781 2175 806 2242 ἑ.
832 2173 849 2242 ύ
877 2177 992 2252 δοῦλος
1016 2185 1070 2244 τοῦ
1093 2185 1246 2264 κραταιοῦ
1270 2179 1327 2242 καί
1353 2171 1452 2256 ἁγίου
1467 2170 1569 2262 ἡμῶνί

290 2297 449 2366 αύθύντοο
470 2305 526 2366 καί
548 2299 716 2385 βασιλέως,
739 2299 887 2387 Ἰωάννης
910 2298 1221 2389 ύῬαβόοκανοίκης,
1245 2303 1302 2366 καί
1315 2299 1417 2368 Ἄννα
1440 2296 1461 2387 ἡ
1481 2321 1565 2386 γνη-

292 2430 348 2492 σία
376 2427 511 2505 σύίυγος
538 2427 663 2507 τούτου,
693 2423 710 2491 ό
734 2430 794 2512 μὲν
815 2423 1032 2513 οὶκειοχείρως
1058 2427 1230 2512 προτάξας,
1257 2419 1278 2513 ἡ
1303 2425 1338 2490 όὲ
1363 2421 1566 2510 αύτοχείρως

289 2549 343 2614 τὸν
371 2553 473 2635 τίμιον
501 2547 558 2614 καὶ
586 2551 739 2624 ζωοποιύν
768 2553 905 2636 σταυρόν
934 2548 1144 2638 ἐγχαράξασα
1171 2551 1227 2636 την
1254 2558 1417 2636 παροῦσαν
1443 2550 1569 2634 συμβί-ξ

290 2673 384 2757 βασιν
412 2683 472 2738 τῶν
501 2675 650 2738 κάτωθεν
679 2674 961 2761 δηλωθησομόνων
990 2673 1159 2760 χωραφίων
1180 2724 1187 2740 .
1210 2723 1219 2740 .
1241 2723 1249 2738 .
1272 2725 1280 2740 .
1303 2681 1480 2759 ποιοῦμεν.
1502 2721 1509 2736 .
1530 2723 1537 2736 .
1557 2667 1569 2736 .³

287 2800 367 2884 πρός
400 2800 449 2879 σύ,
479 2797 532 2872 ςύν
559 2799 796 2863 πανοσιύτατυν
824 2798 1072 2884 καθηγούμενον
1100 2806 1156 2884 τῆς
1180 2799 1358 2883 σεβασμύας
1388 2789 1569 2882 βασιλικῆς

290 2931 388 3008 μονῆς
422 2929 479 3008 τῆς
519 2915 694 3006 ύπτροίγνυυ
731 2917 820 3008 ἡμῶν
855 2921 1059 3008 θεομήτορος
1092 2927 1149 3007 της
1186 2917 1442 3008 Λεμβιωτίσοης,
1467 2913 1569 3005 κῦριν*

289 3043 416 3111 Παῦλον
440 3065 470 3110 κ.
496 3067 523 3110 τ.
547 3041 573 3110 ί.
602 3047 742 3130 καὶγὰρ
767 3049 806 3109 τὰ
823 3047 978 3133 γωράφια
1001 3045 1040 3109 τὰ
1069 3039 1145 3109 ύντα
1168 3047 1224 3108 καί
1250 3044 1438 3130 διακείμενα
1462 3039 1497 3108 όν
1524 3041 1569 3130 τῇῘ

288 3171 466 3252 τοποθεσίογ
499 3179 561 3248 τοῦ
587 3167 750 3256 Δημοσίυυ
785 3166 842 3234 καὶ
876 3165 939 3234 ἀπό
977 3169 1109 3255 προικός
1142 3168 1353 3254 περιελθόντα
1385 3161 1459 3253 ἡμῖν
1495 3177 1565 3240 τοῖς

288 3290 457 3377 ύμοζύγοις
485 3291 518 3368 ἐξ
554 3291 676 3379 ἀγορᾶς
701 3293 914 3379 περιελθόντα
942 3293 1016 3366 τούς
1052 3287 1211 3366 αὐθέντας
1238 3293 1295 3357 καί
1323 3301 1425 3372 γονεῖς
1456 3286 1562 3378 ἡμῶν,

287 3413 365 3500 ἐμοῦ
389 3415 424 3480 δὲ
449 3425 502 3481 τοῦ
526 3413 775 3505 Ῥαβδοκανάκη
799 3419 968 3504 πενθεροῦ,
992 3413 1090 3504 ἤγουν
1116 3413 1177 3484 ἀπό
1202 3425 1262 3481 τῶν
1278 3411 1569 3500 Γουναροτοόλωνγ

286 3538 401 3612 καθὼς
429 3541 468 3602 τὰ
499 3549 558 3605 τῶν
590 3543 738 3608 τοιούτων
762 3546 933 3630 χωραρίων
961 3544 1120 3628 πρατήρια
1144 3537 1291 3628 ύγγραρα
1313 3540 1569 3624 πλατοκιόπερον

286 3666 458 3748 παρίστησι
485 3666 525 3728 τὰ
554 3665 670 3729 τούτων
700 3669 904 3750 γνωρίσματα
932 3667 988 3730 καί
1015 3665 1068 3729 τόν
1096 3665 1298 3751 πλησιασμόν
1323 3659 1439 3742 αύτιῦν,
1465 3661 1569 3750 τύχο-Ξ

287 3807 343 3872 μεν
371 3783 407 3850 δὲ
436 3782 517 3852 αύτὰ
551 3783 642 3875 ἡμεῖς
671 3787 701 3853 οἱ
730 3785 883 3875 ὁμόζογοι
908 3786 1107 3875 ἀττρικόπως
1135 3793 1191 3853 καί
1218 3785 1403 3874 ἐνεμόμεθα
1431 3785 1474 3860 ύις
1501 3787 1569 3852 θεέ

287 3912 403 3974 σπόται
427 3905 544 3989 αύτιόν,
569 3907 617 3976 ὅτι
641 3912 676 3976 δὲ
700 3909 717 3977 ύ
741 3915 893 3998 κραταιός
917 3915 972 3976 καί
996 3909 1087 3992 ἅγιος
1115 3908 1204 4000 ἡμῶν
1229 3905 1388 4004 αύθίντης
1414 3915 1470 3974 καί
1499 3913 1569 3996 βσ-’

287 4009 392 4108 σιλεύς
422 4031 608 4122 ἐδωρήσατο
636 4037 671 4101 τύ
700 4040 818 4123 χωρίον
843 4037 898 4124 τήν
925 4033 1034 4124 Βάρην
1058 4047 1097 4122 τη
1120 4039 1207 4122 παρὰ
1234 4047 1290 4124 τῆς
1313 4045 1470 4121 κραταιᾶς
1502 4033 1569 4102 καὶ,

286 4154 383 4237 ἁγίας
419 4159 584 4243 βασιλείας
623 4155 720 4224 αύτοῦ
760 4157 797 4224 ἐκ
832 4163 904 4224 νόου
940 4157 1153 4246 ἀνεγερθείση
1190 4157 1342 4248 εἰρημένη
1379 4169 1460 4246 μυνη
1498 4171 1569 4226 τῶν

283 4278 420 4368 Λόμβων
456 4279 513 4347 καὶ
536 4287 782 4370 κατεκράτησας
814 4283 863 4363 σύ,
891 4280 908 4348 ὁ
942 4287 1180 4358 πανυσιύτατυς
1206 4285 1467 4371 καθηγούμενος,
1498 4293 1564 4370 κύρ

282 4403 424 4484 Παῦλος,
452 4403 496 4480 ὡς
516 4407 823 4494 δικαιολογούμενος
850 4411 937 4494 παρὰ
964 4411 1068 4474 πάντα
1095 4409 1221 4474 δίκαιον
1245 4409 1355 4487 λόγον,
1385 4409 1569 4492 κάταγμα-ὲ

284 4535 400 4614 τοῦμεν
429 4525 520 4617 ἡμεῖς
543 4530 573 4596 οἱ
596 4529 751 4617 όμόίυγυι
774 4535 814 4596 τὰ
837 4541 970 4598 τοιαῦτα
993 4535 1156 4620 χωμάφια,
1185 4535 1242 4598 καί
1265 4527 1313 4596 ότι
1337 4531 1413 4596 οῦδὲ
1438 4530 1469 4596 οἱ
1495 4528 1562 4596 αύ-

284 4653 397 4716 θίντοιι
425 4656 481 4717 καί
509 4665 610 4733 γονεῖς
643 4649 732 4742 ἡμῶν
763 4653 968 4742 ’λεωνήσαντο
998 4649 1080 4722 αύτόι
1107 4653 1170 4720 ἀπό
1199 4665 1260 4722 τόν
1286 4654 1569 4741 Γουναρυπούλωνι
