3140 5284
290 281 350 358 168

286 473 352 549 δόο,
376 479 431 537 καί
455 469 534 537 οὕτω
557 476 693 559 ποιήσας
717 476 752 538 τό
776 472 897 559 ἀμάχιν
921 474 1036 540 τούτων
1060 471 1149 559 ἐξῆρε
1172 471 1229 538 καὶ
1251 472 1335 536 υίκοι
1354 471 1545 554 κατέλαβεν.

286 596 380 662 ἔνθεν
396 620 444 660 τοι
468 599 582 662 τούτων
607 606 666 660 τῶν
683 596 782 680 ἔργων
805 593 1032 682 όΚεραμοίρης
1052 593 1094 670 ὣς
1111 593 1288 683 ἀσφαλείας
1311 597 1394 669 τινός
1417 593 1547 684 ἐφαψά-

284 739 377 805 μενος
404 723 460 784 καί
488 719 554 784 οἷον
582 719 675 785 εἰπεῖν
699 722 825 785 δικαίου
848 723 883 784 τό
912 724 1073 808 χωράφιον
1100 729 1154 784 τοῦ
1177 719 1342 804 Κουτοόλη
1366 721 1464 804 χωρίς
1489 716 1543 795 ἐγ-

283 845 404 930 γράφου
431 845 589 930 συνῆδους
616 847 672 908 καί
695 852 830 929 σταυροῦ
854 851 908 907 τοῦ
931 843 1102 930 πολλαχῶς
1130 819 1295 928 Κουτοόλη
1323 849 1377 906 τοῦ
1406 841 1544 926 ἀληθῶς

283 969 448 1046 γεγονότος
472 969 580 1052 κυρίου
602 967 776 1054 κατασχὼν
801 965 911 1030 ἔκτοτε
934 971 989 1030 καί
1018 963 1112 1052 μέχρι
1135 973 1190 1029 τοῦ
1213 972 1266 1028 νῦν
1288 975 1409 1051 κρατεῖ.
1438 969 1542 1028 τοίνυν

166 1139 168 1143 ,
283 1085 380 1164 οὕτως
406 1086 496 1177 ἡμεῖς
522 1092 607 1154 κατὰ
634 1090 716 1164 λέξιν
739 1093 960 1175 γνωρίσαντες,
985 1086 1027 1163 ὡς
1052 1088 1084 1164 ἐξ
1108 1085 1204 1154 αὐτοῦ
1228 1098 1282 1155 τοῦ
1306 1088 1470 1175 Κρητικοῦ
1494 1088 1541 1150 δι-

281 1216 429 1298 έγνωμεν,
453 1211 534 1279 εἶναι
554 1221 645 1277 τοῦτο
661 1213 795 1290 δίκαιον,
820 1209 863 1286 ὡς
887 1211 1012 1299 ἐπείπερ
1036 1217 1075 1278 τὰ
1090 1223 1199 1298 πρῶτα
1223 1217 1279 1298 μὲν
1304 1213 1320 1278 ό
1343 1211 1541 1298 Κεραμοίρης

281 1339 346 1414 καί,
370 1331 413 1410 ιδς
437 1333 581 1422 ἀνωτέρω
605 1335 766 1412 λέλεκται,
796 1333 844 1399 ὅτι
866 1335 1043 1422 δοναστικηῖ
1065 1337 1109 1422 τῷ
1133 1340 1236 1422 τρόπῳ
1261 1335 1361 1424 ἀπῆρε
1385 1343 1480 1400 τοῦτο
1505 1332 1540 1396 ἐκ

280 1467 336 1524 τοῦ
367 1457 533 1546 Κοοτοόλη
560 1459 661 1545 καιρῴ
688 1463 807 1544 σπόρου
834 1463 889 1524 καί
918 1464 1121 1545 κατέσπειρεν
1152 1460 1329 1546 ὰμττόχως.
1358 1455 1420 1524 εἶδ’
1443 1456 1541 1530 οὕτως

280 1584 485 1668 γορεόσαντες
510 1585 563 1647 τόν
586 1582 783 1670 Κουτοόλην,
812 1585 925 1656 καθιδς
949 1583 1084 1670 εἴρηται,
1109 1583 1165 1648 καί
1194 1586 1325 1669 γράμμα
1352 1584 1540 1669 καταδοχῆς

279 1701 375 1772 αὐτοῦ
403 1710 459 1772 καί
487 1708 620 1792 σταυρόν
655 1701 715 1771 οόκ
748 1705 862 1788 ἔλαβεν
890 1703 906 1771 6
935 1707 1095 1793 δηλωδείς
1122 1705 1315 1792 Κεραμάρης
1342 1705 1362 1793 ῆ
1390 1703 1408 1770 6
1436 1705 1539 1770 ἐκεῖσε

278 1827 428 1894 ἀπελθόν
445 1829 654 1914 Φαρισσσῐος,
680 1827 750 1894 ἀλλ’
774 1826 872 1902 οότως
895 1843 1005 1915 κρατεῖ
1019 1831 1131 1894 τοότου
1155 1827 1331 1916 ἀμετόχως.
1355 1829 1538 1914 διέγνωμεν,

274 1951 327 2018 ἵνα
361 1954 396 2018 τό
432 1955 488 2039 μὲν
522 1955 683 2040 χωριὶφιον
719 1951 913 2040 ἀντιστραρῆ
946 1954 1024 2038 πρός
1051 1953 1106 2038 τῆν
1142 1955 1319 2037 σεβασμίων
1349 1953 1446 2039 μονῆν
1477 1963 1536 2016 τῶν

272 2073 420 2162 Λίμβων,
444 2075 500 2162 τῆν
522 2075 669 2141 δεσπότιν
692 2085 747 2140 τοῦ
769 2073 937 2162 Κουτοόλη
961 2073 1096 2140 ἐκείνου·
1118 2079 1272 2160 πάροικος
1299 2078 1359 2161 γὰρ
1382 2071 1421 2162 ἠν
1446 2071 1535 2148 οόιος

275 2209 330 2287 τῆς
354 2208 461 2286 μονῆς,
486 2196 503 2263 6
524 2199 560 2263 δὲ
583 2197 649 2271 υἱός
672 2207 726 2263 τοῦ
742 2197 928 2284 Κεραμάρη,
953 2197 972 2264 6
994 2207 1047 2264 νῦν
1071 2200 1210 2285 νομικός,
1235 2197 1335 2286 ἐκστῆ
1357 2207 1414 2284 τῆς
1437 2207 1535 2284 νομῆς

275 2332 331 2389 τοῦ
360 2326 538 2411 χωραρίοο,
567 2319 634 2386 ἐπεί
664 2317 737 2388 οὐδὲ
765 2322 890 2386 δίκαιόν
914 2344 943 2386 τι
966 2320 1014 2387 ἐπ’
1043 2319 1126 2406 αὐτῷ
1153 2326 1317 2408 κέκτηται,
1342 2317 1417 2386 οὐδὲ
1442 2320 1475 2387 ἐν
1498 2322 1538 2406 τῷ

274 2449 394 2534 πλῆθει
421 2457 481 2511 τῖον
511 2448 633 2533 χρόνων
662 2446 770 2528 βιαίως
797 2447 854 2510 καί
881 2442 1001 2520 ἀδίκως
1029 2445 1063 2510 τό
1087 2448 1250 2533 χωράφιον
1278 2455 1401 2532 κρατῶν
1426 2443 1444 2512 6
1468 2447 1536 2509 τιό-

276 2593 331 2637 του
368 2573 479 2656 πατῆρ.
518 2570 615 2650 λόγος
648 2573 709 2655 γὰρ
735 2572 881 2655 νόμιμος,
921 2565 1033 2636 ὅτιτὸ
1061 2571 1114 2652 βία
1143 2574 1197 2634 καί
1227 2567 1338 2654 ἀδικίη
1364 2573 1534 2656 νεμόμενον

274 2697 388 2782 χρόνος
415 2691 452 2758 οό
480 2695 609 2780 βοηθεῖ,
645 2691 711 2757 ἐπεί
738 2693 774 2756 δὲ
807 2694 1062 2766 καταδικασθείς
1090 2691 1107 2758 ό
1135 2697 1281 2779 νομικός,
1299 2689 1360 2758 ’ὅτι
1383 2689 1443 2758 οόκ
1467 2692 1534 2779 εἶχε

274 2823 405 2905 γράμμα
433 2825 488 2882 τοῦ
511 2815 690 2904 Κουτοόλη,
726 2817 940 2902 προεβάλλετο
968 2819 1021 2880 τόν
1044 2815 1219 2903 Κρητικὸν,
1248 2815 1297 2882 ὅτι
1325 2817 1396 2904 ἔχει
1423 2819 1534 2882 τοῦτου

273 2939 316 3017 ιδς
343 2943 444 3030 δῆθεν
473 2943 619 3026 γράμμα,
653 2936 859 3026 ὡμολόγησεν
886 2935 958 3026 ἡμῖν
987 2935 1004 3003 6
1032 2949 1174 3014 τοιοῦτος
1199 2939 1373 3028 Κρητικός,
1410 2937 1460 3005 δτι
1487 2938 1533 3004 ἐπ’

273 3063 360 3150 ἄλλῳ
387 3058 484 3129 αὐτοῦ
512 3067 664 3152 χωραρίιρ
693 3059 823 3150 ἐποίησε
850 3061 894 3146 τιγῐ
916 3065 1009 3147 πατρί
1032 3057 1127 3127 αὐτοῦ
1152 3067 1294 3149 γράμμα,
1325 3062 1476 3136 κάκεῖνος
1499 3065 1531 3127 δὲ

273 3187 371 3272 ἔβαλε
398 3189 454 3250 καί
481 3188 517 3248 τό
540 3193 682 3250 τοιοῦτον
711 3183 798 3258 ἐντός
821 3193 876 3250 τοῦ
900 3189 1085 3272 γράμματος
1110 3188 1226 3274 βουλῆς
1248 3190 1358 3254 τοῦτου
1381 3186 1532 3274 χωρίς,δ

272 3315 329 3378 καί
356 3321 410 3420 τῆ.
431 3307 575 3396 ἀληθείη
600 3310 705 3374 δοκεῖ·
740 3307 758 3372 δ
786 3311 846 3393 γὰρ
875 3305 959 3384 ἅπαξ
986 3306 1165 3394 ἀπεβάλετο
1200 3311 1324 3398 σταυρῷ
1349 3309 1448 3376 αὐτοῦ
1478 3313 1531 3374 καί

272 3439 434 3522 γράμματι
457 3432 620 3520 ἐγγράφῳ,
648 3431 761 3503 καδός
789 3425 879 3504 οότος
902 3429 919 3498 6
942 3430 1103 3519 Κρητικός
1130 3438 1301 3520 παρίστησι
1326 3437 1438 3523 λόγων,
1470 3445 1531 3507 πως

272 3557 311 3625 ἀν
337 3561 393 3623 καί
414 3557 508 3622 πάλιν
536 3557 668 3641 γράμμα
696 3550 792 3618 αότοῦ
817 3551 926 3639 ἕτερον
949 3559 1109 3643 ποιῆσειεν
1134 3559 1177 3644 τῷ
1197 3557 1375 3645 Κεραμάρη
1400 3557 1529 3644 ἔμελλε;

274 3684 328 3748 διὰ
345 3689 442 3802 ροῦτο
471 3679 516 3754 εὶς
545 3675 701 3766 ἀλήθειαν
724 3679 939 3764 διακρίναντες
965 3689 1065 3746 ταῦτα
1092 3685 1196 3748 πάντα
1219 3680 1251 3748 ἐν
1275 3680 1416 3760 ἐξετάσει
1440 3682 1528 3768 ἀκρι-

274 3807 322 3890 βεῖ
350 3807 428 3892 μετὰ
456 3810 511 3868 τοῦ
540 3803 681 3867 τοιοότου
708 3810 855 3887 νομικοῦ,
879 3811 939 3866 τῶν
967 3808 1143 3894 συντρόφων
1173 3801 1279 3885 αὐτοῦ,
1302 3809 1458 3894 παρόντος
1481 3805 1527 3870 ἐπί

271 3930 370 4014 ιοότιρ
393 3931 449 3994 καί
472 3937 527 3993 τοῦ
551 3925 712 4014 Κρητικοῦ
727 3929 784 3992 καί
804 3928 928 4014 μεγάλη
952 3939 990 4015 τῆ
1014 3939 1102 4018 ρωνῆ
1118 3931 1404 4018 διαμαρτυροῦντος
1419 3938 1526 4008 ταῦτα,

272 4053 508 4141 ἀπερηνόμεόα
526 4051 612 4139 ἔχειν
635 4053 671 4116 τό
694 4051 819 4116 δίκαιον
835 4049 885 4116 ἐπί
908 4051 953 4136 αρ’
967 4055 1097 4139 τοιοότιρ
1113 4061 1264 4144 χωραρίιρ
1289 4065 1342 4122 τοῦ
1361 4055 1525 4142 Κουτοόλη

273 4177 329 4266 τῆν
353 4177 463 4264 μσνῆν,
492 4179 544 4241 τόν
565 4175 601 4239 δὲ
629 4172 821 4260 Κεραμάρην
845 4177 974 4260 νομικόν
1004 4173 1135 4262 ἀπέχειν
1162 4181 1269 4245 τέλεον
1299 4181 1332 4256 ἐξ
1354 4177 1462 4260 αὐτοῦ,
1486 4187 1525 4252 ως

273 4309 327 4367 τοῦ
350 4302 468 4386 πατρός
490 4301 547 4364 καί
570 4298 680 4362 τοότου
704 4294 814 4380 ἀδικία
837 4299 872 4360 τό
895 4307 1037 4365 τοιοῦτον
1059 4305 1221 4390 χωράριον
1245 4307 1449 4390 κρατούντων.
1475 4306 1526 4368 διὰ

271 4428 331 4510 γάρ
360 4433 452 4489 τοῦτο
481 4421 622 4500 ἐγεγόνει
649 4421 706 4484 καί
732 4415 752 4505 ἡ
780 4429 927 4506 παροῦσα
953 4429 1084 4509 κρισίμη
1113 4425 1218 4512 γραιρῆ
1247 4431 1303 4492 καί
1325 4424 1467 4514 ἀπεδόθη
1490 4440 1526 4514 τῆ

274 4559 353 4634 μονῇ
378 4545 423 4621 εἰς
447 4543 630 4631 ἀσφάλειαν
657 4546 763 4626 μηνί
787 4546 1016 4630 νοεμβρίιρ
1039 4544 1120 4612 ίνδ.
1145 4548 1194 4614 ιδ.
1220 4555 1248 4630 †.
