3228 5296
229 251 272 326 22

231 460 307 522 καί
331 459 380 524 τό
411 452 640 543 ήμὲτερον
679 451 877 538 εὐσεβὲς
909 454 985 518 καὶ
1012 457 1374 536 ύεοπρόβλητον
1406 469 1512 513 υ-..ευ

230 584 473 666 σημήνατο
509 581 738 666 κράτοςβ

317 703 481 790 ήΕἰχε
518 707 574 768 τό·
599 704 813 790 Ἰωάννης
845 699 888 766 ἐν
920 701 1100 788 Χριστῴ
1130 701 1184 786 τῷ
1214 697 1304 784 θεῷ
1337 699 1511 770 πιστός

230 829 455 911 βασιλεύς
485 832 563 892 καί
595 825 897 914 αὐτοκράτωρ
929 825 1159 912 Ῥωμαίων
1191 822 1207 888 ό
1236 823 1416 896 Δούκας
1448 818 1507 884 δι’

229 949 437 1036 όμυθρῶν
484 955 763 1038 γραμμάτων
810 961 888 1038 τής
936 951 1193 1035 βασιλικῆς
1238 953 1316 1012 καί
1361 950 1509 1016 θείας

228 1078 390 1160 χειρός
425 1079 456 1156 †.

487 1371 538 1439 IV.
557 1375 786 1454 6760-1251,
805 1395 909 1439 mense
927 1371 1106 1458 septembri,
1127 1369 1190 1437 ῐυό.
1208 1371 1243 1434 X.

263 1571 267 1582 .
298 1521 396 1582 Aurea
418 1523 497 1578 bulla
517 1527 584 1596 imp,
606 1523 728 1578 Ioannis
751 1523 849 1578 Ducae
874 1523 1025 1586 Vamm,
1049 1542 1107 1594 (μοι
1123 1523 1269 1594 coufirmat
1281 1520 1434 1590 privileyia

779 1650 952 1704 monasterii.

317 1821 338 1897 †
361 1817 470 1902 Κύριε,
497 1813 651 1903 ήγοίπηοα
680 1813 864 1900 εύπρὲπειαν
892 1815 981 1878 οἴκου
1009 1835 1066 1879 σου
1093 1819 1149 1878 καί
1177 1817 1270 1876 τύπον
1289 1815 1506 1898 σκηνώματος

230 1941 335 2028 δόξης,
360 1940 448 2013 οἶκος
472 1941 507 2002 δὲ
533 1938 594 2024 ἄρα
617 1939 735 2023 Κυρίου
758 1937 840 2004 ἐστίν
863 1935 883 2025 ή
910 1939 1085 2022 βασίλισσα
1112 1942 1168 2002 καί
1194 1933 1367 2023 ύπίραγνος
1397 1938 1506 2020 μήτηρ

231 2061 341 2142 αύτού,
371 2065 407 2128 τό
432 2065 561 2148 τερπνόν
592 2064 747 2127 παλοίτιον
772 2070 826 2126 τού
849 2063 1077 2147 παμβασιλὲως
1100 2063 1181 2128 Θεού
1205 2065 1262 2125 καί
1296 2057 1313 2122 ό
1340 2063 1458 2144 θρόνος
1485 2056 1505 2122 ὁ

231 2197 287 2273 τής
311 2183 423 2251 τούτου
455 2186 714 2271 μεγαλειότητος,
748 2181 783 2249 ού
808 2182 828 2272 ή
853 2195 907 2272 τής
938 2189 1165 2272 καθαρότητος
1197 2189 1253 2248 καί
1279 2193 1334 2248 του
1357 2183 1507 2254 κάλλους

232 2307 404 2395 εὐπρέπεια
427 2310 506 2378 πολύ
534 2311 569 2372 τό
594 2307 783 2394 ἀσύγκριτον
808 2313 864 2374 καί
888 2305 963 2395 ύπὲρ
988 2321 1047 2374 τῶν
1069 2305 1173 2373 ἀύλων
1194 2310 1310 2382 τάξεων
1334 2311 1503 2390 κέκτηται.

230 2439 287 2498 καί
311 2434 365 2497 διὰ
388 2441 480 2496 τοῦτο
505 2436 590 2498 κατὰ
614 2436 666 2497 τόν
689 2437 853 2522 προφήτην
878 2433 1081 2518 ἐπιθυμήσας
1105 2441 1159 2496 τού
1184 2434 1300 2518 ταύτης
1323 2433 1463 2502 κάλλους
1486 2429 1505 2495 ὀ

232 2557 381 2642 βασιλεύς
405 2558 527 2643 κατίβη
551 2553 706 2659 ὡςιύετός
731 2556 781 2622 ότί
803 2561 903 2643 πόκῳ,
935 2561 991 2620 καί
1018 2555 1060 2629 ὥς
1088 2559 1173 2642 τύπῳ
1194 2553 1413 2641 ἐκλελεγμὲνῳ
1444 2557 1507 2618 καί

230 2681 434 2769 ἀφιερωμὲνιρ
470 2683 585 2768 ταύτην
620 2677 705 2767 αύτῷ
739 2685 895 2768 σκήνωμα
929 2691 984 2768 τῆς
1012 2683 1123 2746 τούτου
1155 2679 1349 2766 ύραιότητύς
1381 2701 1414 2742 τε
1445 2683 1536 2752 καί,

198 2793 207 2804 ’
232 2807 327 2892 δόξης
351 2805 532 2890 εἰργάσατο.
557 2807 673 2891 ταύτην
696 2801 882 2892 ήβασιλεία
906 2828 966 2891 μου
990 2803 1138 2891 ήγοίπησε
1162 2809 1219 2890 μὲν
1243 2807 1299 2866 καί
1314 2801 1356 2875 ὡς
1381 2805 1506 2888 μητέρα

232 2931 329 3007 Θεοῦ,
362 2931 455 2994 καθὰ
483 2933 541 2994 καί
560 2933 656 3014 χρόας
685 2937 775 2992 τοῦτο
806 2927 889 3012 μέγα
912 2939 1116 3014 χριστιανοῖς,
1142 2924 1291 3014 ήγοίπησε
1320 2928 1355 2990 δὲ
1378 2931 1435 2990 καί
1458 2923 1507 2998 ὡς

234 3049 457 3139 ύπερασπιστίν
488 3056 544 3116 καί
567 3049 750 3139 ύπὲρμαχον
775 3049 873 3116 ούσαν
897 3062 953 3137 τής
978 3053 1140 3135 βασιλείας
1166 3074 1241 3136 μου,
1270 3049 1312 3123 ύς
1341 3048 1508 3135 ἀνάδοχον

234 3179 350 3262 ταύτης
374 3186 429 3263 τής
456 3179 533 3262 πρός
561 3175 716 3260 ἀνάβασιν
740 3177 864 3250 τελείας
892 3175 1085 3262 ἀνδρόιητος
1108 3180 1163 3239 καί
1188 3172 1230 3248 ὡς
1258 3176 1361 3260 χρεων
1390 3171 1509 3258 ἑτέρων

233 3300 358 3364 πολλῶν
386 3310 446 3405 τῶν
474 3302 553 3384 πρός
582 3294 679 3387 αύτήν
708 3295 863 3388 ύρειλότιν
887 3297 985 3364 οὖσαν
1009 3311 1064 3386 τής
1096 3299 1262 3382 βασιλείας
1291 3320 1361 3382 μου.
1391 3296 1510 3382 ἀμέλει

234 3446 284 3488 τοι
307 3426 363 3486 καί
388 3433 426 3509 τή
450 3427 535 3492 κατὰ
560 3425 613 3510 τήν
638 3423 781 3510 Σμύρνην
806 3420 880 3508 ὄρος
904 3426 938 3487 τό
964 3421 1187 3506 ἐπιλεγόμενον
1212 3431 1272 3486 τῶν
1295 3419 1427 3506 Λόρβου
1451 3443 1511 3486 σε-

237 3544 362 3632 βασμίορ
393 3556 474 3632 μονή
505 3558 544 3634 πή
572 3545 619 3611 ἐπ’
650 3545 781 3632 όνόματι
808 3556 863 3632 τής
887 3549 1088 3631 θευμήτορος
1117 3543 1302 3631 ἐνιδρυμὲνη
1326 3550 1383 3608 καί
1406 3567 1509 3630 τιμω-

237 3674 317 3758 μένη
353 3681 391 3756 τή
415 3672 475 3756 πρό
509 3675 631 3757 χρόνων
654 3669 716 3758 ήδη
740 3675 911 3756 τριάκοντα
945 3668 1002 3733 καὶ
1025 3673 1185 3753 τεσσάρων
1214 3665 1272 3734 ύττό
1299 3677 1353 3734 τού
1382 3679 1511 3754 μακροῦ

237 3797 355 3880 χρόνου
378 3797 547 3879 πονησάση
572 3798 629 3858 καί
652 3796 850 3880 συντριβείση
875 3797 930 3858 καί
951 3793 996 3866 εἰς
1020 3801 1112 3857 τοῦτο
1135 3797 1365 3880 καταντησάση
1390 3791 1432 3864 ύς
1457 3815 1514 3877 μι-

237 3925 318 4002 κροῦ
353 3917 417 3980 δεῖν
445 3921 501 3982 καί
531 3917 575 3990 εὶς
599 3916 785 4004 ’ἀράντωσιν
816 3919 953 4003 παντελῆ
986 3919 1151 3995 γενέσθαι,
1183 3920 1223 3981 τὰ
1253 3917 1325 3981 κατ’
1349 3917 1445 4002 αύτήν
1470 3919 1518 4004 τη]

237 4047 400 4128 μακαρίτη
424 4045 540 4126 πάππῳ
564 4052 620 4128 της
648 4043 814 4125 βασιλείας
839 4063 898 4128 μου
923 4043 1006 4127 δήλα
1034 4045 1190 4128 γενόμενα
1218 4052 1319 4108 ταῦτα
1342 4041 1386 4115 είς
1411 4042 1512 4127 μονήν

235 4169 291 4230 καί
329 4167 423 4240 πάλιν
462 4175 613 4252 συστήναι
657 4169 697 4230 τὰ
739 4176 847 4250 πρῶτα
887 4165 993 4240 ἔδοξεν
1026 4164 1147 4250 ἐκείνῳ.
1188 4169 1246 4230 καί
1284 4177 1322 4251 πή
1360 4166 1513 4252 βουλήσει

236 4294 292 4354 καί
316 4293 351 4353 τό
381 4289 474 4376 ἔργον
509 4291 700 4368 καθείπετυ,
729 4289 834 4354 πολλὰ
869 4290 1148 4376 ριλοτιμησαμὲνιρ
1176 4293 1248 4374 περί
1274 4297 1330 4375 τής
1359 4309 1512 4374 καινουρ-

238 4416 365 4499 γήσεως
407 4417 463 4478 καί
496 4411 737 4488 ’ἀνακαινίσεως
781 4421 838 4500 τῆς
877 4416 1025 4500 τοιαύτης
1069 4423 1167 4498 μονῆς
1206 4411 1263 4478 καὶ
1301 4413 1346 4487 εὶς
1384 4415 1419 4477 τό
1459 4423 1515 4478 νῦν

239 4533 401 4622 όρύμενον
434 4537 524 4610 εἶδος
558 4541 782 4625 περιστήσαντι
813 4533 909 4624 αύτήν
949 4542 1004 4602 καί
1038 4541 1171 4622 τρόπους
1205 4533 1232 4601 δ’
1273 4536 1305 4613 ἐξ
1339 4535 1381 4602 ὧν
1416 4535 1447 4600 οἱ
1482 4535 1518 4602 ἐν

238 4655 318 4751 αύτή
344 4659 537 4750 ἀσκούμενοι
562 4666 700 4748 μοναχοί
723 4663 896 4749 πορισμοὺς
930 4667 1010 4750 ζωῆς
1037 4660 1174 4748 ἔχουσιν,
1203 4660 1384 4750 ἐχορήγησε
1410 4663 1513 4750 ταύτη
