3238 5282
1266 249 1331 314 429
1453 291 1455 299 =

67 447 98 510 ἐν
121 457 160 530 τῆ
183 443 288 533 ἡμέρα
315 455 372 532 τῆς
395 451 530 532 κρίσεως
558 451 614 512 καί
641 448 696 534 τῆν
730 449 874 532 κατάραν
903 443 981 530 ἐμοῦ
1016 452 1071 510 τοῦ
1100 452 1247 508 ταπεινοῦ
1278 447 1332 508 καί

67 569 182 634 ἀθλίσο
206 576 363 656 γέροντος·
399 575 643 656 τεσσαράκοντα
667 576 727 658 γὰρ
755 571 818 658 ἤδη
847 573 982 658 χρόνους
1015 573 1199 634 κεκοπίακα
1228 567 1260 632 ὲν
1289 565 1333 651 τῷ

66 696 194 778 τοιούτῳ
220 695 360 779 μονιδίῳ,
385 697 499 768 καθὼς
513 699 570 760 καὶ
587 694 617 758 οἱ
642 695 768 760 ἔποικοι
792 705 847 781 τῆς
865 692 967 758 ἐκεῖσε
992 697 1102 779 χώρας
1127 695 1331 770 γινώσκουσι,

64 822 118 882 καί
157 815 261 884 ὁπόσα
297 816 456 905 ἐβιάσθην
491 823 548 884 καί
587 816 762 905 ἀνέστησα,
799 819 878 890 θεὸς
910 820 1005 903 μδνος
1041 819 1189 895 γινώσκει
1217 819 1273 882 καί
1302 811 1332 880 οἱ

65 940 165 1006 ἐκεῖσε
201 937 289 1014 ὄντες
324 941 524 1029 φιλίχριστοι
555 945 611 1007 καί
645 941 840 1029 φιλεοσεβεῖς
869 939 992 1026 ἄνδρες,
1026 943 1084 1004 καί
1117 937 1170 1004 ἵνα
1205 939 1247 1025 μή
1284 935 1330 1002 ἐπ’

64 1063 174 1137 ἀδείας
196 1062 260 1139 δίει
283 1087 329 1137 τις
352 1067 429 1150 πρὸς
459 1063 617 1130 ἀνάλωσιν
640 1069 696 1129 καί
720 1063 898 1152 ἀφανισμὸν
927 1073 982 1129 τοῦ
1010 1064 1154 1128 τοιοῦτοο
1178 1062 1330 1148 μονιδίοο·

64 1194 122 1262 ζῶν
152 1191 212 1273 γὰρ
248 1187 294 1252 ἔτι
317 1190 397 1252 θεοῦ
431 1191 540 1274 χάριτι
563 1191 619 1252 καί
643 1190 695 1252 τόν
731 1197 802 1253 νοῦν
833 1186 1007 1274 ἐρρωμίνον
1043 1187 1127 1273 ἔχων
1155 1191 1212 1252 καί
1246 1182 1328 1272 ὑγιῆ,

63 1316 119 1384 τὰς
143 1315 261 1397 ρρίνας
285 1315 372 1384 σώας
395 1315 452 1375 καί
475 1313 531 1397 τῆν
555 1312 697 1390 γλῶτταν
726 1310 940 1398 ἀπαραρόριος
975 1315 1230 1398 σοστρερομίνην
1253 1313 1329 1396 πρὸς

62 1436 186 1516 λαλιὰν,
212 1432 243 1497 ἰν
269 1435 395 1520 μεγάλη
419 1438 476 1498 καί
499 1431 684 1521 ὑψηλοτάτη
710 1445 790 1521 μονῆ
815 1437 850 1498 τὰ
872 1445 1014 1499 τοιοῦτον
1039 1435 1180 1519 μονίδιον
1205 1433 1329 1498 εἰσεκό-

65 1582 152 1644 μισα,
185 1555 240 1622 ἵνα
263 1555 431 1645 ἐπαοξηθῆ
459 1561 516 1622 καί
544 1555 741 1646 εὐεργετηθῆ
771 1556 816 1630 είς
844 1560 878 1622 τὰ
904 1557 1097 1644 ἔμπροσθεν,
1125 1562 1181 1621 καί
1209 1555 1251 1630 ὣς
1278 1555 1331 1622 ἵνα

63 1682 163 1768 ἔχωσι
191 1684 248 1744 καί
276 1679 306 1744 οἱ
333 1677 482 1767 ἡμέτεροι
511 1691 613 1760 γονεῖς
636 1676 735 1767 καὶὴ
759 1684 890 1768 ταπεινή
920 1703 980 1766 μοο
1004 1681 1090 1768 ψοχῆ
1116 1684 1328 1768 μνημόσυνον.

62 1810 116 1870 καί
141 1803 158 1870 ὁ
183 1807 357 1891 βουληθείς
380 1815 532 1889 πειρᾶσαι
555 1801 575 1892 ῆ
601 1803 776 1891 ἐνοχλῆσαι
799 1809 869 1890 περί
893 1805 1005 1890 τοῦτοῦ
1029 1805 1064 1868 τὰ
1094 1807 1190 1890 τοχόν
1214 1803 1333 1890 ἐκκλη-

63 1931 226 2004 σιαστικός
260 1925 301 1992 ὢν
337 1927 356 2015 ῆ
390 1927 591 2014 δημοσιακῦς
624 1927 678 1994 ἵνα
708 1930 859 2016 λαμβοίνη
895 1928 940 2003 είς
969 1927 1081 1994 ἑαοτόν
1117 1933 1173 2003 τὰς
1209 1927 1333 1994 ἄνωθεν

62 2055 262 2140 δηλουμένας
293 2050 382 2138 ἀρὰς,
407 2057 463 2117 καί
486 2049 505 2140 ἡ
531 2051 605 2126 ὁδὸς
627 2049 725 2118 αὐτοῦ
750 2057 881 2140 γίνηται
904 2057 1019 2126 σκότος
1042 2051 1062 2141 ἢ
1087 2050 1254 2140 δλίσθημα
1277 2057 1334 2117 καί

63 2177 200 2256 ἅγγελος
228 2174 338 2261 κορίοο
365 2177 576 2241 καταδιώκειν
606 2173 710 2242 αὐτόν.
740 2175 793 2242 διὰ
816 2186 910 2242 τοῦτο
940 2181 1001 2262 γὰρ
1025 2176 1151 2242 ἄνωθεν
1175 2181 1209 2242 τὸ
1232 2180 1333 2262 παρὸν

65 2299 224 2388 ἔγγραφον
248 2299 474 2386 οίκειοχείροις
497 2303 680 2386 γράμμασιν
706 2298 917 2388 ἐνεχαράχθη
945 2308 1018 2387 παρ’
1044 2300 1121 2388 ἐμοῦ
1145 2309 1200 2366 τοῦ
1224 2323 1333 2366 ιαπει·

64 2433 119 2489 νοῦ
142 2423 201 2488 καὶ
225 2421 343 2488 ἀθλίου
367 2430 514 2523 γέροντοςΙ
538 2425 586 2498 είς
606 2423 783 2512 ἀσροίλειαν
807 2425 938 2512 διηνεκῆ
962 2430 1018 2490 καί
1035 2428 1204 2510 βεβαίωσιν
1228 2429 1334 2513 μηνί

65 2544 307 2634 αῦγοῦστιρ
334 2547 1089 2635 πεντεκαιδεκάτη,ἰνδικτιῦνος
1122 2555 1333 2638 πέμπτης

64 2671 161 2736 ἔτει
189 2671 597 2758 ἑξακισχιλιοστηῐ
633 2671 997 2758 ἑκτακοσιοστηῐ
1028 2672 1334 2762 ὀγδοηκοστῷ

62 2801 248 2883 πίμπτιρ
282 2801 311 2878 †.
924 2853 927 2862 .

152 2917 243 2986 Οδτοι
271 2924 327 2984 καί
355 2921 390 2984 τὸ
425 2921 526 3004 παρὸν
556 2919 744 3006 δκδοιῆριον
779 2920 912 3004 γράμμα
940 2919 973 2985 ἕν
1002 2941 1061 2986 τινι
1089 2921 1220 3006 μονιδίιρ
1255 2923 1332 3006 πρὸς

62 3046 118 3132 τῆν
142 3047 322 3130 σεβασμίαν
340 3043 437 3129 μονῆν
453 3052 508 3128 τῆς
529 3038 701 3127 ῦπεραγίας
717 3043 876 3106 θεοτῦκοο
893 3051 948 3128 τῆς
971 3043 1094 3120 Ὀξείας
1117 3039 1333 3130 Ἐπισκίψεως

63 3176 118 3253 τῆς
145 3167 395 3253 Μακρινιτίσσης
423 3163 466 3252 τῷ
494 3164 538 3239 είς
566 3166 621 3252 τῆν
644 3163 832 3250 Χάρμαιναν
860 3165 1051 3253 διακειμένῳ
1076 3163 1133 3233 ῦπό
1158 3169 1230 3242 τοῦς
1253 3171 1332 3254 πρό-

61 3292 164 3363 ποδας
187 3300 243 3356 τοῦ
267 3289 362 3376 δροος
385 3291 561 3375 Κισσσίβοο.

151 3421 268 3488 Pasini,
282 3441 314 3494 ρ.
331 3419 403 3480 355.

62 3608 1332 3698 Τοῦχρηματίσαντοςλογοθίτοοτῶνἀγελῦνστίχοι

199 3739 304 3820 περί
338 3743 416 3820 τῆς
452 3732 715 3824 ἐπιγραφῆς
750 3739 939 3834 καὶτῆς
974 3737 1189 3824 βούλλης.

61 3909 119 3974 Ἐκ
136 3911 304 3997 βασιλικῆς
319 3919 482 3995 προταγῆς
502 3905 667 3974 εὐσονέτοο
721 3909 1075 3997 Μιχαῆλτρισιίνακτος
1087 3912 1331 3998 Ἀγγελιονὺμοο

61 4031 289 4112 Παλαιολόγοο
331 4031 624 4119 Κομνηνοβλαίστοο
722 4031 931 4119 Μαλιασηνδς
955 4035 1125 4121 Κομνηνδς
1148 4033 1297 4124 Ἰιοοίσαφ,

148 4157 271 4220 κλσίδοο

60 4277 220 4366 ἀθροίσας
252 4279 297 4354 εἰς
325 4280 358 4344 ἓν
387 4287 447 4342 τῶν
477 4289 579 4365 μονῶν
607 4289 668 4342 τῶν
722 4283 762 4344 τὰ
778 4281 1081 4366 χροσὸβοολλασῦν
1102 4279 1243 4367 ὁρισμοῖς
1265 4303 1327 4347 κο-

146 4403 234 4468 ίδίων
810 4408 910 4488 σμίιος

59 4531 115 4591 καί
139 4537 341 4615 πατριαρχιῦν
371 4522 590 4612 ὑπομνήμασιν
620 4525 667 4592 ἔτι
722 4525 781 4592 οῦκ
810 4527 907 4612 ἔσχεν
936 4523 1040 4601 αὐτοῖς
1074 4530 1129 4616 τῆν
1158 4533 1238 4614 χίρα
1268 4531 1327 4612 βα-

811 4651 924 4724 σιλίιος
