<?xml version="1.0" encoding="UTF-8"?>
<!DOCTYPE html PUBLIC "-//W3C//DTD XHTML 1.0 Transitional//EN"
    "http://www.w3.org/TR/xhtml1/DTD/xhtml1-transitional.dtd">
<html xmlns="http://www.w3.org/1999/xhtml" xml:lang="en" lang="en">
 <head>
  <title>
</title>
<meta http-equiv="Content-Type" content="text/html;charset=utf-8" />
  <meta name='ocr-system' content='tesseract 3.04.00' />
  <meta name='ocr-capabilities' content='ocr_page ocr_carea ocr_par ocr_line ocrx_word'/>
</head>
<body>
  <div class='ocr_page' id='page_1' title='image "./actaetdiplomata04miklgoog_0070.png"; bbox 0 0 3228 5296; ppageno 0'>
   <div class='ocr_carea' id='block_1_1' title="bbox 1287 269 1330 334">
    <p class='ocr_par' dir='ltr' id='par_1_1' title="bbox 1287 269 1330 334">
     <span class='ocr_line' id='line_1_1' title="bbox 1287 269 1330 334; baseline 0 0"><span class='ocrx_word' id='word_1_1' title='bbox 1287 269 1330 334; x_wconf 74' lang='lat'><strong>49</strong></span> 
     </span>
    </p>
   </div>
   <div class='ocr_carea' id='block_1_2' title="bbox 17 455 1412 3030">
    <p class='ocr_par' dir='ltr' id='par_1_2' title="bbox 17 455 1412 3024">
     <span class='ocr_line' id='line_1_2' title="bbox 43 455 1330 551; baseline 0.005 -30"><span class='ocrx_word' id='word_1_2' title='bbox 43 455 103 541; x_wconf 87' lang='grc' dir='ltr'><strong>ίρει</strong></span> <span class='ocrx_word' id='word_1_3' title='bbox 123 457 351 547; x_wconf 84' lang='grc' dir='ltr'><strong>διακειμένης</strong></span> <span class='ocrx_word' id='word_1_4' title='bbox 376 465 436 526; x_wconf 84' lang='grc' dir='ltr'><strong>καί</strong></span> <span class='ocrx_word' id='word_1_5' title='bbox 452 457 613 548; x_wconf 78' lang='grc' dir='ltr'><strong>ίηχιιρίιες</strong></span> <span class='ocrx_word' id='word_1_6' title='bbox 628 458 881 550; x_wconf 79' lang='grc' dir='ltr'><strong>ίαικαλουμένης</strong></span> <span class='ocrx_word' id='word_1_7' title='bbox 895 469 952 548; x_wconf 88' lang='grc' dir='ltr'><strong>τής</strong></span> <span class='ocrx_word' id='word_1_8' title='bbox 968 457 1145 548; x_wconf 75' lang='grc' dir='ltr'><strong>ύτερύηνιυ</strong></span> <span class='ocrx_word' id='word_1_9' title='bbox 1159 461 1330 551; x_wconf 85' lang='grc' dir='ltr'><strong>δεσποίνης</strong></span> 
     </span>
     <span class='ocr_line' id='line_1_3' title="bbox 42 577 1327 673; baseline 0.006 -31"><span class='ocrx_word' id='word_1_10' title='bbox 42 577 124 667; x_wconf 65' lang='grc' dir='ltr'><strong>ήμῶν</strong></span> <span class='ocrx_word' id='word_1_11' title='bbox 149 583 325 650; x_wconf 77' lang='grc' dir='ltr'><strong>θεοτύκου</strong></span> <span class='ocrx_word' id='word_1_12' title='bbox 350 593 409 671; x_wconf 83' lang='grc' dir='ltr'><strong>τῆς</strong></span> <span class='ocrx_word' id='word_1_13' title='bbox 430 581 686 673; x_wconf 80' lang='grc' dir='ltr'><strong>Διμβιιοτίσσης,</strong></span> <span class='ocrx_word' id='word_1_14' title='bbox 710 585 763 651; x_wconf 85' lang='grc' dir='ltr'><strong>τύν</strong></span> <span class='ocrx_word' id='word_1_15' title='bbox 786 583 997 673; x_wconf 83' lang='grc' dir='ltr'><strong>ίορομύναχον</strong></span> <span class='ocrx_word' id='word_1_16' title='bbox 1021 595 1110 672; x_wconf 80' lang='grc' dir='ltr'><strong>κύριν</strong></span> <span class='ocrx_word' id='word_1_17' title='bbox 1138 584 1327 672; x_wconf 89' lang='grc' dir='ltr'><strong>Γερύσιμον,</strong></span> 
     </span>
     <span class='ocr_line' id='line_1_4' title="bbox 17 703 1412 798; baseline 0.004 -28"><span class='ocrx_word' id='word_1_18' title='bbox 17 761 18 764; x_wconf 63' lang='grc'>,</span> <span class='ocrx_word' id='word_1_19' title='bbox 45 709 92 770; x_wconf 81' lang='grc' dir='ltr'><strong>ταί</strong></span> <span class='ocrx_word' id='word_1_20' title='bbox 118 708 205 791; x_wconf 78' lang='grc' dir='ltr'><strong>πρὸς</strong></span> <span class='ocrx_word' id='word_1_21' title='bbox 244 707 321 782; x_wconf 87' lang='grc' dir='ltr'><strong>τούς</strong></span> <span class='ocrx_word' id='word_1_22' title='bbox 349 705 401 774; x_wconf 79' lang='grc' dir='ltr'><strong>ὑπ’</strong></span> <span class='ocrx_word' id='word_1_23' title='bbox 430 703 526 795; x_wconf 86' lang='grc' dir='ltr'><strong>αύτήν</strong></span> <span class='ocrx_word' id='word_1_24' title='bbox 556 706 775 795; x_wconf 83' lang='grc' dir='ltr'><strong>ἀσκουμένους</strong></span> <span class='ocrx_word' id='word_1_25' title='bbox 804 710 966 798; x_wconf 82' lang='grc' dir='ltr'><strong>μοναχούς</strong></span> <span class='ocrx_word' id='word_1_26' title='bbox 995 707 1151 792; x_wconf 80' lang='grc' dir='ltr'><strong>ἅπαντας,</strong></span> <span class='ocrx_word' id='word_1_27' title='bbox 1181 707 1266 775; x_wconf 76' lang='grc' dir='ltr'><strong>ἀλλὰ</strong></span> <span class='ocrx_word' id='word_1_28' title='bbox 1289 711 1328 797; x_wconf 90' lang='grc' dir='ltr'><strong>δή</strong></span> <span class='ocrx_word' id='word_1_29' title='bbox 1409 766 1412 776; x_wconf 84' lang='grc'><strong>.</strong></span> 
     </span>
     <span class='ocr_line' id='line_1_5' title="bbox 46 829 1330 921; baseline 0.005 -27"><span class='ocrx_word' id='word_1_30' title='bbox 46 833 97 894; x_wconf 80' lang='grc' dir='ltr'><strong>καί</strong></span> <span class='ocrx_word' id='word_1_31' title='bbox 118 833 206 914; x_wconf 81' lang='grc' dir='ltr'><strong>πρὸς</strong></span> <span class='ocrx_word' id='word_1_32' title='bbox 231 833 270 895; x_wconf 89' lang='grc' dir='ltr'><strong>τύ</strong></span> <span class='ocrx_word' id='word_1_33' title='bbox 293 835 391 916; x_wconf 87' lang='grc' dir='ltr'><strong>μίρος</strong></span> <span class='ocrx_word' id='word_1_34' title='bbox 414 839 472 918; x_wconf 87' lang='grc' dir='ltr'><strong>τής</strong></span> <span class='ocrx_word' id='word_1_35' title='bbox 494 834 643 920; x_wconf 77' lang='grc' dir='ltr'><strong>τοιαύτης</strong></span> <span class='ocrx_word' id='word_1_36' title='bbox 663 842 772 920; x_wconf 87' lang='grc' dir='ltr'><strong>μονής.</strong></span> <span class='ocrx_word' id='word_1_37' title='bbox 796 835 853 898; x_wconf 85' lang='grc' dir='ltr'><strong>καί</strong></span> <span class='ocrx_word' id='word_1_38' title='bbox 868 836 929 919; x_wconf 69' lang='grc' dir='ltr'><strong>γὰρ</strong></span> <span class='ocrx_word' id='word_1_39' title='bbox 953 831 970 898; x_wconf 88' lang='grc' dir='ltr'><strong>ύ</strong></span> <span class='ocrx_word' id='word_1_40' title='bbox 994 835 1099 920; x_wconf 88' lang='grc' dir='ltr'><strong>πατήρ</strong></span> <span class='ocrx_word' id='word_1_41' title='bbox 1121 830 1211 921; x_wconf 83' lang='grc' dir='ltr'><strong>ήμῶν</strong></span> <span class='ocrx_word' id='word_1_42' title='bbox 1234 829 1252 898; x_wconf 92' lang='grc' dir='ltr'><strong>ύ</strong></span> <span class='ocrx_word' id='word_1_43' title='bbox 1275 833 1330 902; x_wconf 81' lang='grc' dir='ltr'><strong>διὰ</strong></span> 
     </span>
     <span class='ocr_line' id='line_1_6' title="bbox 48 954 1330 1044; baseline 0.005 -28"><span class='ocrx_word' id='word_1_44' title='bbox 48 961 96 1018; x_wconf 84' lang='grc' dir='ltr'><strong>τού</strong></span> <span class='ocrx_word' id='word_1_45' title='bbox 126 965 321 1040; x_wconf 83' lang='grc' dir='ltr'><strong>μοναχικού</strong></span> <span class='ocrx_word' id='word_1_46' title='bbox 349 958 517 1043; x_wconf 88' lang='grc' dir='ltr'><strong>σχήματος</strong></span> <span class='ocrx_word' id='word_1_47' title='bbox 549 954 738 1044; x_wconf 79' lang='grc' dir='ltr'><strong>ίιτικληύείς</strong></span> <span class='ocrx_word' id='word_1_48' title='bbox 770 955 949 1044; x_wconf 84' lang='grc' dir='ltr'><strong>Γεμοίσιμος</strong></span> <span class='ocrx_word' id='word_1_49' title='bbox 983 957 1028 1044; x_wconf 74' lang='grc' dir='ltr'><strong>τῷ</strong></span> <span class='ocrx_word' id='word_1_50' title='bbox 1053 959 1138 1022; x_wconf 86' lang='grc' dir='ltr'><strong>τίλτι</strong></span> <span class='ocrx_word' id='word_1_51' title='bbox 1169 965 1225 1022; x_wconf 88' lang='grc' dir='ltr'><strong>τού</strong></span> <span class='ocrx_word' id='word_1_52' title='bbox 1260 957 1330 1042; x_wconf 88' lang='grc' dir='ltr'><strong>βίου</strong></span> 
     </span>
     <span class='ocr_line' id='line_1_7' title="bbox 47 1077 1328 1168; baseline 0.002 -25"><span class='ocrx_word' id='word_1_53' title='bbox 47 1081 260 1164; x_wconf 81' lang='grc' dir='ltr'><strong>χρησάμενος</strong></span> <span class='ocrx_word' id='word_1_54' title='bbox 282 1077 454 1166; x_wconf 76' lang='grc' dir='ltr'><strong>ηρετίσατο</strong></span> <span class='ocrx_word' id='word_1_55' title='bbox 478 1077 510 1146; x_wconf 75' lang='grc' dir='ltr'><strong>έν</strong></span> <span class='ocrx_word' id='word_1_56' title='bbox 533 1091 572 1168; x_wconf 78' lang='grc' dir='ltr'><strong>τη</strong></span> <span class='ocrx_word' id='word_1_57' title='bbox 595 1091 679 1168; x_wconf 80' lang='grc' dir='ltr'><strong>μονή</strong></span> <span class='ocrx_word' id='word_1_58' title='bbox 702 1088 757 1146; x_wconf 86' lang='grc' dir='ltr'><strong>τού</strong></span> <span class='ocrx_word' id='word_1_59' title='bbox 782 1077 873 1161; x_wconf 77' lang='grc' dir='ltr'><strong>ύηίοο</strong></span> <span class='ocrx_word' id='word_1_60' title='bbox 896 1084 953 1147; x_wconf 87' lang='grc' dir='ltr'><strong>καί</strong></span> <span class='ocrx_word' id='word_1_61' title='bbox 969 1077 1097 1157; x_wconf 73' lang='grc' dir='ltr'><strong>λνδύίου</strong></span> <span class='ocrx_word' id='word_1_62' title='bbox 1121 1082 1328 1167; x_wconf 78' lang='grc' dir='ltr'><strong>μεηαλομιίρ-</strong></span> 
     </span>
     <span class='ocr_line' id='line_1_8' title="bbox 49 1201 1329 1291; baseline 0.002 -23"><span class='ocrx_word' id='word_1_63' title='bbox 49 1224 137 1287; x_wconf 82' lang='grc' dir='ltr'><strong>τυρος</strong></span> <span class='ocrx_word' id='word_1_64' title='bbox 153 1201 322 1288; x_wconf 80' lang='grc' dir='ltr'><strong>Γεοιρηίου</strong></span> <span class='ocrx_word' id='word_1_65' title='bbox 335 1213 401 1282; x_wconf 86' lang='grc' dir='ltr'><strong>τού</strong></span> <span class='ocrx_word' id='word_1_66' title='bbox 425 1201 674 1291; x_wconf 73' lang='grc' dir='ltr'><strong>Ἐεοικαστρίτυυ</strong></span> <span class='ocrx_word' id='word_1_67' title='bbox 697 1207 733 1268; x_wconf 82' lang='grc' dir='ltr'><strong>τύ</strong></span> <span class='ocrx_word' id='word_1_68' title='bbox 755 1213 850 1291; x_wconf 81' lang='grc' dir='ltr'><strong>σῶμα</strong></span> <span class='ocrx_word' id='word_1_69' title='bbox 865 1201 963 1270; x_wconf 82' lang='grc' dir='ltr'><strong>αύτυύ</strong></span> <span class='ocrx_word' id='word_1_70' title='bbox 988 1205 1248 1291; x_wconf 72' lang='grc' dir='ltr'><strong>ένσοριασύήναι,</strong></span> <span class='ocrx_word' id='word_1_71' title='bbox 1272 1209 1329 1270; x_wconf 85' lang='grc' dir='ltr'><strong>καί</strong></span> 
     </span>
     <span class='ocr_line' id='line_1_9' title="bbox 48 1322 1328 1416; baseline 0 -24"><span class='ocrx_word' id='word_1_72' title='bbox 48 1328 295 1412; x_wconf 85' lang='grc' dir='ltr'><strong>τροσεκύρεεσεν</strong></span> <span class='ocrx_word' id='word_1_73' title='bbox 319 1325 367 1400; x_wconf 77' lang='grc' dir='ltr'><strong>εἰς</strong></span> <span class='ocrx_word' id='word_1_74' title='bbox 390 1329 588 1414; x_wconf 82' lang='grc' dir='ltr'><strong>μνημόσυνον</strong></span> <span class='ocrx_word' id='word_1_75' title='bbox 613 1322 710 1394; x_wconf 85' lang='grc' dir='ltr'><strong>αύτού</strong></span> <span class='ocrx_word' id='word_1_76' title='bbox 734 1323 859 1414; x_wconf 77' lang='grc' dir='ltr'><strong>ύτήσιον</strong></span> <span class='ocrx_word' id='word_1_77' title='bbox 884 1325 916 1392; x_wconf 73' lang='grc' dir='ltr'><strong>έν</strong></span> <span class='ocrx_word' id='word_1_78' title='bbox 944 1339 982 1416; x_wconf 80' lang='grc' dir='ltr'><strong>τη</strong></span> <span class='ocrx_word' id='word_1_79' title='bbox 1001 1325 1091 1412; x_wconf 78' lang='grc' dir='ltr'><strong>ύηίη</strong></span> <span class='ocrx_word' id='word_1_80' title='bbox 1118 1329 1217 1414; x_wconf 87' lang='grc' dir='ltr'><strong>ταύτη</strong></span> <span class='ocrx_word' id='word_1_81' title='bbox 1247 1339 1328 1415; x_wconf 74' lang='grc' dir='ltr'><strong>μονή</strong></span> 
     </span>
     <span class='ocr_line' id='line_1_10' title="bbox 50 1447 1326 1539; baseline -0.001 -23"><span class='ocrx_word' id='word_1_82' title='bbox 50 1449 100 1538; x_wconf 75' lang='grc' dir='ltr'><strong>ἆρ’</strong></span> <span class='ocrx_word' id='word_1_83' title='bbox 127 1447 176 1516; x_wconf 79' lang='grc' dir='ltr'><strong>σἐν</strong></span> <span class='ocrx_word' id='word_1_84' title='bbox 212 1448 301 1536; x_wconf 81' lang='grc' dir='ltr'><strong>εἶχεν</strong></span> <span class='ocrx_word' id='word_1_85' title='bbox 330 1447 456 1516; x_wconf 72' lang='grc' dir='ltr'><strong>ἁλυκῶν</strong></span> <span class='ocrx_word' id='word_1_86' title='bbox 491 1449 706 1538; x_wconf 79' lang='grc' dir='ltr'><strong>έρηαστηρύιιν</strong></span> <span class='ocrx_word' id='word_1_87' title='bbox 740 1448 862 1539; x_wconf 79' lang='grc' dir='ltr'><strong>ἁλυκήν</strong></span> <span class='ocrx_word' id='word_1_88' title='bbox 897 1455 971 1538; x_wconf 85' lang='grc' dir='ltr'><strong>μίαν</strong></span> <span class='ocrx_word' id='word_1_89' title='bbox 999 1447 1145 1537; x_wconf 82' lang='grc' dir='ltr'><strong>ύτερηον·</strong></span> <span class='ocrx_word' id='word_1_90' title='bbox 1181 1455 1262 1537; x_wconf 85' lang='grc' dir='ltr'><strong>μιτὰ</strong></span> <span class='ocrx_word' id='word_1_91' title='bbox 1291 1447 1326 1515; x_wconf 83' lang='grc' dir='ltr'><strong>δέ</strong></span> 
     </span>
     <span class='ocr_line' id='line_1_11' title="bbox 49 1571 1329 1663; baseline 0 -25"><span class='ocrx_word' id='word_1_92' title='bbox 49 1575 101 1658; x_wconf 84' lang='grc' dir='ltr'><strong>τήν</strong></span> <span class='ocrx_word' id='word_1_93' title='bbox 118 1572 302 1658; x_wconf 78' lang='grc' dir='ltr'><strong>ἁκοβίιεσιν</strong></span> <span class='ocrx_word' id='word_1_94' title='bbox 325 1583 382 1640; x_wconf 90' lang='grc' dir='ltr'><strong>τού</strong></span> <span class='ocrx_word' id='word_1_95' title='bbox 402 1571 556 1662; x_wconf 87' lang='grc' dir='ltr'><strong>κτήεὸρος</strong></span> <span class='ocrx_word' id='word_1_96' title='bbox 577 1572 701 1641; x_wconf 78' lang='grc' dir='ltr'><strong>ίιιείνου</strong></span> <span class='ocrx_word' id='word_1_97' title='bbox 715 1585 772 1663; x_wconf 86' lang='grc' dir='ltr'><strong>τής</strong></span> <span class='ocrx_word' id='word_1_98' title='bbox 795 1573 890 1655; x_wconf 78' lang='grc' dir='ltr'><strong>ύηίας</strong></span> <span class='ocrx_word' id='word_1_99' title='bbox 914 1577 1031 1662; x_wconf 88' lang='grc' dir='ltr'><strong>ταύτης</strong></span> <span class='ocrx_word' id='word_1_100' title='bbox 1048 1584 1147 1662; x_wconf 86' lang='grc' dir='ltr'><strong>μονής</strong></span> <span class='ocrx_word' id='word_1_101' title='bbox 1170 1583 1226 1641; x_wconf 88' lang='grc' dir='ltr'><strong>τού</strong></span> <span class='ocrx_word' id='word_1_102' title='bbox 1247 1595 1329 1641; x_wconf 82' lang='grc' dir='ltr'><strong>παν-</strong></span> 
     </span>
     <span class='ocr_line' id='line_1_12' title="bbox 17 1673 1328 1796; baseline 0.002 -34"><span class='ocrx_word' id='word_1_103' title='bbox 17 1735 18 1792; x_wconf 64' lang='lat'>3</span> <span class='ocrx_word' id='word_1_104' title='bbox 51 1701 142 1777; x_wconf 79' lang='grc' dir='ltr'><strong>πηίου</strong></span> <span class='ocrx_word' id='word_1_105' title='bbox 165 1697 333 1784; x_wconf 79' lang='grc' dir='ltr'><strong>Γεαρηίου</strong></span> <span class='ocrx_word' id='word_1_106' title='bbox 367 1701 536 1785; x_wconf 89' lang='grc' dir='ltr'><strong>κατείχετο</strong></span> <span class='ocrx_word' id='word_1_107' title='bbox 559 1703 633 1784; x_wconf 87' lang='grc' dir='ltr'><strong>παρ’</strong></span> <span class='ocrx_word' id='word_1_108' title='bbox 661 1695 739 1785; x_wconf 75' lang='grc' dir='ltr'><strong>λμού</strong></span> <span class='ocrx_word' id='word_1_109' title='bbox 766 1695 787 1787; x_wconf 88' lang='grc' dir='ltr'><strong>ή</strong></span> <span class='ocrx_word' id='word_1_110' title='bbox 815 1695 914 1796; x_wconf 79' lang='grc' dir='ltr'><strong>ήμισυ</strong></span> <span class='ocrx_word' id='word_1_111' title='bbox 941 1697 1066 1772; x_wconf 80' lang='grc' dir='ltr'><strong>εἴσοδος</strong></span> <span class='ocrx_word' id='word_1_112' title='bbox 1095 1673 1152 1787; x_wconf 77' lang='grc' dir='ltr'><strong>της</strong></span> <span class='ocrx_word' id='word_1_113' title='bbox 1179 1701 1328 1786; x_wconf 82' lang='grc' dir='ltr'><strong>τοιαύτης</strong></span> 
     </span>
     <span class='ocr_line' id='line_1_13' title="bbox 50 1817 1327 1910; baseline 0 -24"><span class='ocrx_word' id='word_1_114' title='bbox 50 1819 174 1909; x_wconf 78' lang='grc' dir='ltr'><strong>ἁλοπής</strong></span> <span class='ocrx_word' id='word_1_115' title='bbox 189 1819 255 1896; x_wconf 60' lang='lat' dir='ltr'><strong>foc</strong></span> <span class='ocrx_word' id='word_1_116' title='bbox 276 1830 335 1908; x_wconf 86' lang='grc' dir='ltr'><strong>τῆς</strong></span> <span class='ocrx_word' id='word_1_117' title='bbox 352 1824 501 1908; x_wconf 84' lang='grc' dir='ltr'><strong>σήμερον·</strong></span> <span class='ocrx_word' id='word_1_118' title='bbox 525 1825 565 1887; x_wconf 80' lang='grc' dir='ltr'><strong>τὰ</strong></span> <span class='ocrx_word' id='word_1_119' title='bbox 587 1831 640 1888; x_wconf 85' lang='grc' dir='ltr'><strong>νύν</strong></span> <span class='ocrx_word' id='word_1_120' title='bbox 655 1822 692 1887; x_wconf 76' lang='grc' dir='ltr'><strong>δέ</strong></span> <span class='ocrx_word' id='word_1_121' title='bbox 715 1820 733 1888; x_wconf 89' lang='grc' dir='ltr'><strong>ύ</strong></span> <span class='ocrx_word' id='word_1_122' title='bbox 757 1817 869 1908; x_wconf 75' lang='grc' dir='ltr'><strong>ῥηθείς</strong></span> <span class='ocrx_word' id='word_1_123' title='bbox 892 1823 1142 1910; x_wconf 69' lang='grc' dir='ltr'><strong>καθηγούμενος</strong></span> <span class='ocrx_word' id='word_1_124' title='bbox 1162 1821 1327 1910; x_wconf 78' lang='grc' dir='ltr'><strong>ίνεριίνισι</strong></span> 
     </span>
     <span class='ocr_line' id='line_1_14' title="bbox 50 1944 1328 2034; baseline 0.001 -24.975"><span class='ocrx_word' id='word_1_125' title='bbox 50 1947 104 2030; x_wconf 89' lang='grc' dir='ltr'><strong>τήν</strong></span> <span class='ocrx_word' id='word_1_126' title='bbox 130 1947 291 2030; x_wconf 74' lang='grc' dir='ltr'><strong>καθαρὰν</strong></span> <span class='ocrx_word' id='word_1_127' title='bbox 319 1944 484 2032; x_wconf 73' lang='grc' dir='ltr'><strong>διαθήκην</strong></span> <span class='ocrx_word' id='word_1_128' title='bbox 511 1953 567 2011; x_wconf 83' lang='grc' dir='ltr'><strong>τού</strong></span> <span class='ocrx_word' id='word_1_129' title='bbox 594 1948 749 2034; x_wconf 88' lang='grc' dir='ltr'><strong>κτήτορος</strong></span> <span class='ocrx_word' id='word_1_130' title='bbox 778 1944 908 2012; x_wconf 72' lang='grc' dir='ltr'><strong>ἐνώπιον</strong></span> <span class='ocrx_word' id='word_1_131' title='bbox 936 1954 992 2010; x_wconf 83' lang='grc' dir='ltr'><strong>τού</strong></span> <span class='ocrx_word' id='word_1_132' title='bbox 1022 1947 1245 2029; x_wconf 86' lang='grc' dir='ltr'><strong>πανστβιίστυυ</strong></span> <span class='ocrx_word' id='word_1_133' title='bbox 1273 1967 1328 2010; x_wconf 79' lang='grc' dir='ltr'><strong>σε·-</strong></span> 
     </span>
     <span class='ocr_line' id='line_1_15' title="bbox 51 2065 1327 2156; baseline 0 -22"><span class='ocrx_word' id='word_1_134' title='bbox 51 2071 173 2153; x_wconf 81' lang='grc' dir='ltr'><strong>βαστυῖι</strong></span> <span class='ocrx_word' id='word_1_135' title='bbox 195 2073 463 2136; x_wconf 80' lang='grc' dir='ltr'><strong>πανυικειοτύτου</strong></span> <span class='ocrx_word' id='word_1_136' title='bbox 485 2069 529 2156; x_wconf 68' lang='grc' dir='ltr'><strong>τῷ</strong></span> <span class='ocrx_word' id='word_1_137' title='bbox 550 2071 693 2156; x_wconf 72' lang='grc' dir='ltr'><strong>κραταιῷ</strong></span> <span class='ocrx_word' id='word_1_138' title='bbox 714 2074 772 2135; x_wconf 88' lang='grc' dir='ltr'><strong>καί</strong></span> <span class='ocrx_word' id='word_1_139' title='bbox 795 2067 877 2156; x_wconf 76' lang='grc' dir='ltr'><strong>ἁγίῳ</strong></span> <span class='ocrx_word' id='word_1_140' title='bbox 900 2065 989 2156; x_wconf 74' lang='grc' dir='ltr'><strong>ήμῶν</strong></span> <span class='ocrx_word' id='word_1_141' title='bbox 1019 2065 1163 2156; x_wconf 82' lang='grc' dir='ltr'><strong>αύύέντη</strong></span> <span class='ocrx_word' id='word_1_142' title='bbox 1185 2073 1243 2134; x_wconf 91' lang='grc' dir='ltr'><strong>καί</strong></span> <span class='ocrx_word' id='word_1_143' title='bbox 1266 2069 1327 2154; x_wconf 85' lang='grc' dir='ltr'><strong>βα-</strong></span> 
     </span>
     <span class='ocr_line' id='line_1_16' title="bbox 52 2167 1329 2281; baseline 0.001 -23"><span class='ocrx_word' id='word_1_144' title='bbox 52 2195 144 2272; x_wconf 80' lang='grc' dir='ltr'><strong>ικλιῖ,</strong></span> <span class='ocrx_word' id='word_1_145' title='bbox 179 2195 437 2280; x_wconf 69' lang='grc' dir='ltr'><strong>προκαθημένου</strong></span> <span class='ocrx_word' id='word_1_146' title='bbox 460 2191 613 2281; x_wconf 81' lang='grc' dir='ltr'><strong>Σμύρνης,</strong></span> <span class='ocrx_word' id='word_1_147' title='bbox 637 2201 735 2279; x_wconf 83' lang='grc' dir='ltr'><strong>ιιυρυύ</strong></span> <span class='ocrx_word' id='word_1_148' title='bbox 758 2167 917 2279; x_wconf 80' lang='grc' dir='ltr'><strong>Γευργίου</strong></span> <span class='ocrx_word' id='word_1_149' title='bbox 946 2201 1001 2258; x_wconf 86' lang='grc' dir='ltr'><strong>τού</strong></span> <span class='ocrx_word' id='word_1_150' title='bbox 1028 2191 1239 2281; x_wconf 80' lang='grc' dir='ltr'><strong>Μονομσίχου,</strong></span> <span class='ocrx_word' id='word_1_151' title='bbox 1271 2198 1329 2260; x_wconf 84' lang='grc' dir='ltr'><strong>καί</strong></span> 
     </span>
     <span class='ocr_line' id='line_1_17' title="bbox 51 2313 1328 2406; baseline 0 -24"><span class='ocrx_word' id='word_1_152' title='bbox 51 2313 138 2402; x_wconf 79' lang='grc' dir='ltr'><strong>τύρεν</strong></span> <span class='ocrx_word' id='word_1_153' title='bbox 167 2314 203 2382; x_wconf 81' lang='grc' dir='ltr'><strong>έν</strong></span> <span class='ocrx_word' id='word_1_154' title='bbox 231 2317 333 2404; x_wconf 72' lang='grc' dir='ltr'><strong>ταύτῃ</strong></span> <span class='ocrx_word' id='word_1_155' title='bbox 369 2328 408 2404; x_wconf 80' lang='grc' dir='ltr'><strong>τῇ</strong></span> <span class='ocrx_word' id='word_1_156' title='bbox 436 2317 583 2404; x_wconf 66' lang='grc' dir='ltr'><strong>διαθήκη</strong></span> <span class='ocrx_word' id='word_1_157' title='bbox 617 2320 675 2382; x_wconf 88' lang='grc' dir='ltr'><strong>καί</strong></span> <span class='ocrx_word' id='word_1_158' title='bbox 702 2319 759 2404; x_wconf 78' lang='grc' dir='ltr'><strong>τήν</strong></span> <span class='ocrx_word' id='word_1_159' title='bbox 785 2325 842 2382; x_wconf 90' lang='grc' dir='ltr'><strong>τού</strong></span> <span class='ocrx_word' id='word_1_160' title='bbox 868 2315 983 2404; x_wconf 58' lang='lat' dir='ltr'><strong>Bam</strong></span> <span class='ocrx_word' id='word_1_161' title='bbox 1011 2315 1217 2406; x_wconf 78' lang='grc' dir='ltr'><strong>διακειμένην</strong></span> <span class='ocrx_word' id='word_1_162' title='bbox 1250 2314 1328 2406; x_wconf 77' lang='grc' dir='ltr'><strong>ὅλην</strong></span> 
     </span>
     <span class='ocr_line' id='line_1_18' title="bbox 51 2437 1329 2530; baseline 0.001 -24"><span class='ocrx_word' id='word_1_163' title='bbox 51 2439 188 2528; x_wconf 82' lang='grc' dir='ltr'><strong>ἁλυκήν.</strong></span> <span class='ocrx_word' id='word_1_164' title='bbox 218 2445 278 2506; x_wconf 79' lang='grc' dir='ltr'><strong>καί</strong></span> <span class='ocrx_word' id='word_1_165' title='bbox 301 2441 427 2506; x_wconf 76' lang='grc' dir='ltr'><strong>πολλῶν</strong></span> <span class='ocrx_word' id='word_1_166' title='bbox 450 2441 553 2522; x_wconf 81' lang='grc' dir='ltr'><strong>λύηιεν</strong></span> <span class='ocrx_word' id='word_1_167' title='bbox 579 2443 740 2528; x_wconf 79' lang='grc' dir='ltr'><strong>χούέντυν</strong></span> <span class='ocrx_word' id='word_1_168' title='bbox 768 2447 866 2528; x_wconf 92' lang='grc' dir='ltr'><strong>μέσον</strong></span> <span class='ocrx_word' id='word_1_169' title='bbox 888 2437 979 2528; x_wconf 76' lang='grc' dir='ltr'><strong>ήμῶν</strong></span> <span class='ocrx_word' id='word_1_170' title='bbox 1000 2447 1072 2530; x_wconf 86' lang='grc' dir='ltr'><strong>περί</strong></span> <span class='ocrx_word' id='word_1_171' title='bbox 1094 2463 1128 2507; x_wconf 90' lang='grc' dir='ltr'><strong>τε</strong></span> <span class='ocrx_word' id='word_1_172' title='bbox 1151 2451 1208 2529; x_wconf 84' lang='grc' dir='ltr'><strong>της</strong></span> <span class='ocrx_word' id='word_1_173' title='bbox 1231 2438 1329 2529; x_wconf 85' lang='grc' dir='ltr'><strong>ήμισυ</strong></span> 
     </span>
     <span class='ocr_line' id='line_1_19' title="bbox 51 2560 1328 2653; baseline 0 -23"><span class='ocrx_word' id='word_1_174' title='bbox 51 2567 105 2630; x_wconf 82' lang='grc' dir='ltr'><strong>καί</strong></span> <span class='ocrx_word' id='word_1_175' title='bbox 126 2573 186 2652; x_wconf 79' lang='grc' dir='ltr'><strong>της</strong></span> <span class='ocrx_word' id='word_1_176' title='bbox 209 2560 293 2651; x_wconf 76' lang='grc' dir='ltr'><strong>ὅλης</strong></span> <span class='ocrx_word' id='word_1_177' title='bbox 316 2566 434 2653; x_wconf 85' lang='grc' dir='ltr'><strong>ταύτης</strong></span> <span class='ocrx_word' id='word_1_178' title='bbox 457 2564 583 2632; x_wconf 81' lang='grc' dir='ltr'><strong>ιὶσύδου</strong></span> <span class='ocrx_word' id='word_1_179' title='bbox 607 2561 736 2652; x_wconf 85' lang='grc' dir='ltr'><strong>ύστερον</strong></span> <span class='ocrx_word' id='word_1_180' title='bbox 765 2567 847 2652; x_wconf 78' lang='grc' dir='ltr'><strong>μετὰ</strong></span> <span class='ocrx_word' id='word_1_181' title='bbox 873 2569 979 2652; x_wconf 84' lang='grc' dir='ltr'><strong>πύσης</strong></span> <span class='ocrx_word' id='word_1_182' title='bbox 1006 2561 1095 2653; x_wconf 70' lang='grc' dir='ltr'><strong>ἡμῶν</strong></span> <span class='ocrx_word' id='word_1_183' title='bbox 1123 2575 1180 2652; x_wconf 85' lang='grc' dir='ltr'><strong>τής</strong></span> <span class='ocrx_word' id='word_1_184' title='bbox 1206 2568 1328 2652; x_wconf 82' lang='grc' dir='ltr'><strong>πρυύυ-</strong></span> 
     </span>
     <span class='ocr_line' id='line_1_20' title="bbox 54 2685 1329 2776; baseline 0 -22"><span class='ocrx_word' id='word_1_185' title='bbox 54 2693 124 2774; x_wconf 87' lang='grc' dir='ltr'><strong>μίας</strong></span> <span class='ocrx_word' id='word_1_186' title='bbox 151 2692 211 2754; x_wconf 89' lang='grc' dir='ltr'><strong>καί</strong></span> <span class='ocrx_word' id='word_1_187' title='bbox 240 2685 421 2776; x_wconf 72' lang='grc' dir='ltr'><strong>ἁπλότητος</strong></span> <span class='ocrx_word' id='word_1_188' title='bbox 449 2688 506 2754; x_wconf 81' lang='grc' dir='ltr'><strong>καὶ</strong></span> <span class='ocrx_word' id='word_1_189' title='bbox 532 2691 750 2774; x_wconf 77' lang='grc' dir='ltr'><strong>παραινέσεως</strong></span> <span class='ocrx_word' id='word_1_190' title='bbox 778 2699 833 2754; x_wconf 90' lang='grc' dir='ltr'><strong>τού</strong></span> <span class='ocrx_word' id='word_1_191' title='bbox 858 2685 1016 2754; x_wconf 77' lang='grc' dir='ltr'><strong>αύύίντυυ</strong></span> <span class='ocrx_word' id='word_1_192' title='bbox 1037 2685 1142 2776; x_wconf 75' lang='grc' dir='ltr'><strong>ήμῶν,</strong></span> <span class='ocrx_word' id='word_1_193' title='bbox 1171 2699 1226 2756; x_wconf 85' lang='grc' dir='ltr'><strong>τού</strong></span> <span class='ocrx_word' id='word_1_194' title='bbox 1249 2709 1329 2776; x_wconf 88' lang='grc' dir='ltr'><strong>τρο-</strong></span> 
     </span>
     <span class='ocr_line' id='line_1_21' title="bbox 17 2810 1329 2901; baseline 0.002 -25"><span class='ocrx_word' id='word_1_195' title='bbox 17 2827 18 2832; x_wconf 75' lang='grc'>’</span> <span class='ocrx_word' id='word_1_196' title='bbox 53 2817 247 2900; x_wconf 58' lang='grc' dir='ltr'><strong>καθημένου</strong></span> <span class='ocrx_word' id='word_1_197' title='bbox 273 2817 332 2878; x_wconf 87' lang='grc' dir='ltr'><strong>καί</strong></span> <span class='ocrx_word' id='word_1_198' title='bbox 359 2811 473 2900; x_wconf 78' lang='grc' dir='ltr'><strong>ύτέροιν</strong></span> <span class='ocrx_word' id='word_1_199' title='bbox 501 2812 704 2901; x_wconf 80' lang='grc' dir='ltr'><strong>είρηνοποιιῖιν</strong></span> <span class='ocrx_word' id='word_1_200' title='bbox 732 2810 854 2901; x_wconf 72' lang='grc' dir='ltr'><strong>ἀνδρῶν</strong></span> <span class='ocrx_word' id='word_1_201' title='bbox 881 2823 942 2880; x_wconf 77' lang='grc' dir='ltr'><strong>τῶν</strong></span> <span class='ocrx_word' id='word_1_202' title='bbox 970 2811 1074 2878; x_wconf 75' lang='grc' dir='ltr'><strong>έκείσε</strong></span> <span class='ocrx_word' id='word_1_203' title='bbox 1106 2818 1329 2900; x_wconf 72' lang='grc' dir='ltr'><strong>παραχενομέ·</strong></span> 
     </span>
     <span class='ocr_line' id='line_1_22' title="bbox 17 2909 1327 3030; baseline 0 -30"><span class='ocrx_word' id='word_1_204' title='bbox 17 2909 18 2964; x_wconf 26' lang='grc' dir='ltr'><strong>λ</strong></span> <span class='ocrx_word' id='word_1_205' title='bbox 17 2957 109 3030; x_wconf 87' lang='grc' dir='ltr'><strong>νυν</strong></span> <span class='ocrx_word' id='word_1_206' title='bbox 132 2941 191 3002; x_wconf 87' lang='grc' dir='ltr'><strong>καί</strong></span> <span class='ocrx_word' id='word_1_207' title='bbox 216 2935 270 3002; x_wconf 77' lang='grc' dir='ltr'><strong>ἐπί</strong></span> <span class='ocrx_word' id='word_1_208' title='bbox 297 2937 394 3002; x_wconf 86' lang='grc' dir='ltr'><strong>πλέον</strong></span> <span class='ocrx_word' id='word_1_209' title='bbox 418 2940 616 3024; x_wconf 75' lang='grc' dir='ltr'><strong>μνημόσυνον</strong></span> <span class='ocrx_word' id='word_1_210' title='bbox 640 2945 695 3002; x_wconf 80' lang='grc' dir='ltr'><strong>τοῦ</strong></span> <span class='ocrx_word' id='word_1_211' title='bbox 717 2940 835 3024; x_wconf 83' lang='grc' dir='ltr'><strong>τατρύς</strong></span> <span class='ocrx_word' id='word_1_212' title='bbox 859 2957 920 3024; x_wconf 90' lang='grc' dir='ltr'><strong>μου</strong></span> <span class='ocrx_word' id='word_1_213' title='bbox 949 2935 1072 3002; x_wconf 73' lang='grc' dir='ltr'><strong>ἐκείνου</strong></span> <span class='ocrx_word' id='word_1_214' title='bbox 1095 2941 1152 3010; x_wconf 80' lang='grc' dir='ltr'><strong>τὰς</strong></span> <span class='ocrx_word' id='word_1_215' title='bbox 1175 2939 1327 3024; x_wconf 74' lang='grc' dir='ltr'><strong>συνήθεις</strong></span> 
     </span>
    </p>
   </div>
   <div class='ocr_carea' id='block_1_3' title="bbox 17 3033 1327 3272">
    <p class='ocr_par' dir='ltr' id='par_1_3' title="bbox 17 3033 1327 3272">
     <span class='ocr_line' id='line_1_23' title="bbox 17 3033 1311 3150; baseline -0.002 -24"><span class='ocrx_word' id='word_1_216' title='bbox 17 3033 18 3150; x_wconf 72' lang='grc' dir='ltr'><strong>ή</strong></span> <span class='ocrx_word' id='word_1_217' title='bbox 54 3063 216 3146; x_wconf 78' lang='grc' dir='ltr'><strong>τροταηὰς</strong></span> <span class='ocrx_word' id='word_1_218' title='bbox 242 3058 272 3124; x_wconf 83' lang='grc' dir='ltr'><strong>υί</strong></span> <span class='ocrx_word' id='word_1_219' title='bbox 295 3056 449 3146; x_wconf 74' lang='grc' dir='ltr'><strong>ύμύζρηοι</strong></span> <span class='ocrx_word' id='word_1_220' title='bbox 470 3055 561 3147; x_wconf 82' lang='grc' dir='ltr'><strong>ἡμεῖς</strong></span> <span class='ocrx_word' id='word_1_221' title='bbox 591 3058 799 3148; x_wconf 71' lang='grc' dir='ltr'><strong>ἐπεδώκαμεν</strong></span> <span class='ocrx_word' id='word_1_222' title='bbox 822 3059 866 3147; x_wconf 79' lang='grc' dir='ltr'><strong>τῷ</strong></span> <span class='ocrx_word' id='word_1_223' title='bbox 889 3065 976 3147; x_wconf 82' lang='grc' dir='ltr'><strong>μέρει</strong></span> <span class='ocrx_word' id='word_1_224' title='bbox 999 3070 1055 3148; x_wconf 83' lang='grc' dir='ltr'><strong>τής</strong></span> <span class='ocrx_word' id='word_1_225' title='bbox 1082 3069 1179 3146; x_wconf 88' lang='grc' dir='ltr'><strong>μονής</strong></span> <span class='ocrx_word' id='word_1_226' title='bbox 1212 3058 1311 3126; x_wconf 76' lang='grc' dir='ltr'><strong>δι’ἀ</strong></span> 
     </span>
     <span class='ocr_line' id='line_1_24' title="bbox 56 3181 1327 3272; baseline -0.001 -24"><span class='ocrx_word' id='word_1_227' title='bbox 56 3187 207 3272; x_wconf 80' lang='grc' dir='ltr'><strong>σρύλειαν</strong></span> <span class='ocrx_word' id='word_1_228' title='bbox 233 3181 461 3269; x_wconf 70' lang='grc' dir='ltr'><strong>περισσοτέραν</strong></span> <span class='ocrx_word' id='word_1_229' title='bbox 485 3193 541 3270; x_wconf 81' lang='grc' dir='ltr'><strong>τῆς</strong></span> <span class='ocrx_word' id='word_1_230' title='bbox 569 3185 734 3272; x_wconf 71' lang='grc' dir='ltr'><strong>διαθήκης</strong></span> <span class='ocrx_word' id='word_1_231' title='bbox 761 3193 817 3249; x_wconf 86' lang='grc' dir='ltr'><strong>τού</strong></span> <span class='ocrx_word' id='word_1_232' title='bbox 843 3187 960 3270; x_wconf 82' lang='grc' dir='ltr'><strong>πατρύς</strong></span> <span class='ocrx_word' id='word_1_233' title='bbox 990 3205 1050 3270; x_wconf 81' lang='grc' dir='ltr'><strong>μου</strong></span> <span class='ocrx_word' id='word_1_234' title='bbox 1082 3182 1216 3250; x_wconf 65' lang='grc' dir='ltr'><strong>ἐκείνου.</strong></span> <span class='ocrx_word' id='word_1_235' title='bbox 1249 3181 1327 3249; x_wconf 72' lang='grc' dir='ltr'><strong>ὅθεν</strong></span> 
     </span>
    </p>
   </div>
   <div class='ocr_carea' id='block_1_4' title="bbox 17 3289 1327 3644">
    <p class='ocr_par' dir='ltr' id='par_1_4' title="bbox 17 3289 1327 3644">
     <span class='ocr_line' id='line_1_25' title="bbox 17 3289 1326 3416; baseline -0.002 -42"><span class='ocrx_word' id='word_1_236' title='bbox 17 3289 18 3406; x_wconf 71' lang='grc' dir='ltr'><strong>ή</strong></span> <span class='ocrx_word' id='word_1_237' title='bbox 55 3313 106 3374; x_wconf 82' lang='grc' dir='ltr'><strong>καί</strong></span> <span class='ocrx_word' id='word_1_238' title='bbox 131 3307 262 3398; x_wconf 77' lang='grc' dir='ltr'><strong>ύρείλει</strong></span> <span class='ocrx_word' id='word_1_239' title='bbox 289 3305 310 3395; x_wconf 87' lang='grc' dir='ltr'><strong>ή</strong></span> <span class='ocrx_word' id='word_1_240' title='bbox 339 3302 478 3394; x_wconf 78' lang='grc' dir='ltr'><strong>ρηύεῑσα</strong></span> <span class='ocrx_word' id='word_1_241' title='bbox 506 3311 667 3395; x_wconf 86' lang='grc' dir='ltr'><strong>σεβασμία</strong></span> <span class='ocrx_word' id='word_1_242' title='bbox 695 3305 773 3388; x_wconf 82' lang='grc' dir='ltr'><strong>ἁγία</strong></span> <span class='ocrx_word' id='word_1_243' title='bbox 797 3309 876 3396; x_wconf 88' lang='grc' dir='ltr'><strong>μονή</strong></span> <span class='ocrx_word' id='word_1_244' title='bbox 898 3307 988 3416; x_wconf 43' lang='grc' dir='ltr'><strong>,ἔχειν</strong></span> <span class='ocrx_word' id='word_1_245' title='bbox 1011 3311 1068 3372; x_wconf 86' lang='grc' dir='ltr'><strong>καί</strong></span> <span class='ocrx_word' id='word_1_246' title='bbox 1090 3311 1241 3394; x_wconf 85' lang='grc' dir='ltr'><strong>κατέχειν</strong></span> <span class='ocrx_word' id='word_1_247' title='bbox 1271 3310 1326 3394; x_wconf 85' lang='grc' dir='ltr'><strong>τήν</strong></span> 
     </span>
     <span class='ocr_line' id='line_1_26' title="bbox 56 3429 1327 3521; baseline -0.002 -23"><span class='ocrx_word' id='word_1_248' title='bbox 56 3435 198 3521; x_wconf 72' lang='grc' dir='ltr'><strong>τοιαύτην</strong></span> <span class='ocrx_word' id='word_1_249' title='bbox 225 3429 348 3518; x_wconf 81' lang='grc' dir='ltr'><strong>ἁλυκήν</strong></span> <span class='ocrx_word' id='word_1_250' title='bbox 373 3429 500 3497; x_wconf 82' lang='grc' dir='ltr'><strong>ἅπασαν</strong></span> <span class='ocrx_word' id='word_1_251' title='bbox 524 3431 579 3517; x_wconf 84' lang='grc' dir='ltr'><strong>τήν</strong></span> <span class='ocrx_word' id='word_1_252' title='bbox 594 3429 798 3519; x_wconf 67' lang='grc' dir='ltr'><strong>διακειμένην</strong></span> <span class='ocrx_word' id='word_1_253' title='bbox 823 3429 855 3495; x_wconf 78' lang='grc' dir='ltr'><strong>ίν</strong></span> <span class='ocrx_word' id='word_1_254' title='bbox 879 3443 917 3520; x_wconf 80' lang='grc' dir='ltr'><strong>τη</strong></span> <span class='ocrx_word' id='word_1_255' title='bbox 941 3433 1118 3516; x_wconf 77' lang='grc' dir='ltr'><strong>τοποθεσίη</strong></span> <span class='ocrx_word' id='word_1_256' title='bbox 1141 3439 1196 3496; x_wconf 83' lang='grc' dir='ltr'><strong>τού</strong></span> <span class='ocrx_word' id='word_1_257' title='bbox 1219 3431 1327 3512; x_wconf 75' lang='grc' dir='ltr'><strong>Λιγυ-</strong></span> 
     </span>
     <span class='ocr_line' id='line_1_27' title="bbox 56 3551 1325 3644; baseline 0.001 -25"><span class='ocrx_word' id='word_1_258' title='bbox 56 3581 112 3636; x_wconf 80' lang='grc' dir='ltr'><strong>νος,</strong></span> <span class='ocrx_word' id='word_1_259' title='bbox 135 3559 194 3644; x_wconf 89' lang='grc' dir='ltr'><strong>τήν</strong></span> <span class='ocrx_word' id='word_1_260' title='bbox 219 3561 278 3621; x_wconf 84' lang='grc' dir='ltr'><strong>καί</strong></span> <span class='ocrx_word' id='word_1_261' title='bbox 301 3557 436 3642; x_wconf 80' lang='grc' dir='ltr'><strong>πλησίον</strong></span> <span class='ocrx_word' id='word_1_262' title='bbox 461 3552 522 3622; x_wconf 83' lang='grc' dir='ltr'><strong>ἀπὸ</strong></span> <span class='ocrx_word' id='word_1_263' title='bbox 543 3553 657 3642; x_wconf 75' lang='grc' dir='ltr'><strong>μέρους</strong></span> <span class='ocrx_word' id='word_1_264' title='bbox 681 3553 874 3620; x_wconf 77' lang='grc' dir='ltr'><strong>ἀνατολικοίι</strong></span> <span class='ocrx_word' id='word_1_265' title='bbox 898 3565 953 3643; x_wconf 84' lang='grc' dir='ltr'><strong>τής</strong></span> <span class='ocrx_word' id='word_1_266' title='bbox 978 3551 1100 3642; x_wconf 81' lang='grc' dir='ltr'><strong>ύλυκῆς</strong></span> <span class='ocrx_word' id='word_1_267' title='bbox 1123 3564 1178 3620; x_wconf 84' lang='grc' dir='ltr'><strong>τού</strong></span> <span class='ocrx_word' id='word_1_268' title='bbox 1202 3553 1325 3622; x_wconf 79' lang='grc' dir='ltr'><strong>Πιύια-</strong></span> 
     </span>
    </p>
   </div>
   <div class='ocr_carea' id='block_1_5' title="bbox 55 3679 1326 4632">
    <p class='ocr_par' dir='ltr' id='par_1_5' title="bbox 55 3679 1326 4632">
     <span class='ocr_line' id='line_1_28' title="bbox 55 3679 1326 3767; baseline 0 -24"><span class='ocrx_word' id='word_1_269' title='bbox 55 3689 112 3762; x_wconf 78' lang='grc' dir='ltr'><strong>νου,</strong></span> <span class='ocrx_word' id='word_1_270' title='bbox 137 3681 202 3747; x_wconf 81' lang='grc' dir='ltr'><strong>ἀπύ</strong></span> <span class='ocrx_word' id='word_1_271' title='bbox 229 3683 266 3746; x_wconf 76' lang='grc' dir='ltr'><strong>δέ</strong></span> <span class='ocrx_word' id='word_1_272' title='bbox 290 3681 423 3746; x_wconf 88' lang='grc' dir='ltr'><strong>δυσικού</strong></span> <span class='ocrx_word' id='word_1_273' title='bbox 450 3684 564 3766; x_wconf 80' lang='grc' dir='ltr'><strong>μέρους</strong></span> <span class='ocrx_word' id='word_1_274' title='bbox 588 3687 643 3744; x_wconf 87' lang='grc' dir='ltr'><strong>τού</strong></span> <span class='ocrx_word' id='word_1_275' title='bbox 671 3687 804 3765; x_wconf 86' lang='grc' dir='ltr'><strong>νομικού</strong></span> <span class='ocrx_word' id='word_1_276' title='bbox 827 3687 882 3744; x_wconf 89' lang='grc' dir='ltr'><strong>τού</strong></span> <span class='ocrx_word' id='word_1_277' title='bbox 905 3679 1068 3767; x_wconf 82' lang='grc' dir='ltr'><strong>Καμτύνη</strong></span> <span class='ocrx_word' id='word_1_278' title='bbox 1098 3683 1156 3744; x_wconf 81' lang='grc' dir='ltr'><strong>καί</strong></span> <span class='ocrx_word' id='word_1_279' title='bbox 1178 3689 1235 3767; x_wconf 82' lang='grc' dir='ltr'><strong>τῆς</strong></span> <span class='ocrx_word' id='word_1_280' title='bbox 1257 3679 1326 3744; x_wconf 88' lang='grc' dir='ltr'><strong>Πι-</strong></span> 
     </span>
     <span class='ocr_line' id='line_1_29' title="bbox 57 3799 1323 3892; baseline 0.001 -26"><span class='ocrx_word' id='word_1_281' title='bbox 57 3811 215 3892; x_wconf 74' lang='grc' dir='ltr'><strong>τριτίίνης.</strong></span> <span class='ocrx_word' id='word_1_282' title='bbox 255 3807 353 3889; x_wconf 88' lang='grc' dir='ltr'><strong>μίσυν</strong></span> <span class='ocrx_word' id='word_1_283' title='bbox 387 3804 423 3868; x_wconf 87' lang='grc' dir='ltr'><strong>δί</strong></span> <span class='ocrx_word' id='word_1_284' title='bbox 452 3807 567 3868; x_wconf 84' lang='grc' dir='ltr'><strong>τούτων</strong></span> <span class='ocrx_word' id='word_1_285' title='bbox 600 3799 621 3890; x_wconf 86' lang='grc' dir='ltr'><strong>ή</strong></span> <span class='ocrx_word' id='word_1_286' title='bbox 649 3803 785 3868; x_wconf 75' lang='grc' dir='ltr'><strong>δοθεῖσα</strong></span> <span class='ocrx_word' id='word_1_287' title='bbox 814 3800 918 3890; x_wconf 83' lang='grc' dir='ltr'><strong>ύλυκή</strong></span> <span class='ocrx_word' id='word_1_288' title='bbox 946 3805 1034 3889; x_wconf 86' lang='grc' dir='ltr'><strong>παρὰ</strong></span> <span class='ocrx_word' id='word_1_289' title='bbox 1060 3811 1115 3868; x_wconf 88' lang='grc' dir='ltr'><strong>τού</strong></span> <span class='ocrx_word' id='word_1_290' title='bbox 1143 3800 1245 3869; x_wconf 80' lang='grc' dir='ltr'><strong>Ξίνου</strong></span> <span class='ocrx_word' id='word_1_291' title='bbox 1267 3813 1323 3867; x_wconf 81' lang='grc' dir='ltr'><strong>τοῦ</strong></span> 
     </span>
     <span class='ocr_line' id='line_1_30' title="bbox 57 3923 1323 4020; baseline -0.001 -27"><span class='ocrx_word' id='word_1_292' title='bbox 57 3925 207 4017; x_wconf 81' lang='grc' dir='ltr'><strong>Βύλιιηή</strong></span> <span class='ocrx_word' id='word_1_293' title='bbox 239 3924 322 3992; x_wconf 78' lang='grc' dir='ltr'><strong>οὖσα</strong></span> <span class='ocrx_word' id='word_1_294' title='bbox 345 3930 553 4014; x_wconf 76' lang='grc' dir='ltr'><strong>χαρισμάτων</strong></span> <span class='ocrx_word' id='word_1_295' title='bbox 578 3923 673 4005; x_wconf 83' lang='grc' dir='ltr'><strong>ύκτιδ,</strong></span> <span class='ocrx_word' id='word_1_296' title='bbox 705 3931 854 4014; x_wconf 89' lang='grc' dir='ltr'><strong>κατέχειν</strong></span> <span class='ocrx_word' id='word_1_297' title='bbox 885 3929 1000 4020; x_wconf 82' lang='grc' dir='ltr'><strong>ταύτην</strong></span> <span class='ocrx_word' id='word_1_298' title='bbox 1032 3933 1087 3991; x_wconf 87' lang='grc' dir='ltr'><strong>καί</strong></span> <span class='ocrx_word' id='word_1_299' title='bbox 1117 3929 1273 4013; x_wconf 77' lang='grc' dir='ltr'><strong>νέμεσθαι</strong></span> <span class='ocrx_word' id='word_1_300' title='bbox 1303 3925 1323 4012; x_wconf 88' lang='grc' dir='ltr'><strong>ή</strong></span> 
     </span>
     <span class='ocr_line' id='line_1_31' title="bbox 60 4047 1323 4139; baseline -0.002 -23"><span class='ocrx_word' id='word_1_301' title='bbox 60 4051 123 4132; x_wconf 75' lang='grc' dir='ltr'><strong>ἁγία</strong></span> <span class='ocrx_word' id='word_1_302' title='bbox 147 4053 235 4139; x_wconf 79' lang='grc' dir='ltr'><strong>μονή</strong></span> <span class='ocrx_word' id='word_1_303' title='bbox 250 4057 380 4138; x_wconf 82' lang='grc' dir='ltr'><strong>κυρίας,</strong></span> <span class='ocrx_word' id='word_1_304' title='bbox 405 4047 601 4126; x_wconf 79' lang='grc' dir='ltr'><strong>αιἰύιντιιιύις</strong></span> <span class='ocrx_word' id='word_1_305' title='bbox 623 4055 679 4116; x_wconf 90' lang='grc' dir='ltr'><strong>καί</strong></span> <span class='ocrx_word' id='word_1_306' title='bbox 696 4060 877 4137; x_wconf 80' lang='grc' dir='ltr'><strong>μονομερύις</strong></span> <span class='ocrx_word' id='word_1_307' title='bbox 898 4055 978 4136; x_wconf 79' lang='grc' dir='ltr'><strong>μετὰ</strong></span> <span class='ocrx_word' id='word_1_308' title='bbox 996 4053 1114 4124; x_wconf 76' lang='grc' dir='ltr'><strong>παντὸς</strong></span> <span class='ocrx_word' id='word_1_309' title='bbox 1130 4057 1185 4114; x_wconf 87' lang='grc' dir='ltr'><strong>τού</strong></span> <span class='ocrx_word' id='word_1_310' title='bbox 1209 4055 1323 4135; x_wconf 82' lang='grc' dir='ltr'><strong>μύροις</strong></span> 
     </span>
     <span class='ocr_line' id='line_1_32' title="bbox 60 4171 1322 4266; baseline -0.002 -25"><span class='ocrx_word' id='word_1_311' title='bbox 60 4175 159 4266; x_wconf 77' lang='grc' dir='ltr'><strong>αύτης,</strong></span> <span class='ocrx_word' id='word_1_312' title='bbox 197 4176 267 4242; x_wconf 75' lang='grc' dir='ltr'><strong>ἔστ’</strong></span> <span class='ocrx_word' id='word_1_313' title='bbox 302 4173 341 4242; x_wconf 83' lang='grc' dir='ltr'><strong>ἂν</strong></span> <span class='ocrx_word' id='word_1_314' title='bbox 364 4176 401 4240; x_wconf 87' lang='grc' dir='ltr'><strong>τύ</strong></span> <span class='ocrx_word' id='word_1_315' title='bbox 433 4178 588 4260; x_wconf 81' lang='grc' dir='ltr'><strong>τερίηειον</strong></span> <span class='ocrx_word' id='word_1_316' title='bbox 617 4179 800 4240; x_wconf 78' lang='grc' dir='ltr'><strong>συνίσταται</strong></span> <span class='ocrx_word' id='word_1_317' title='bbox 833 4177 889 4239; x_wconf 85' lang='grc' dir='ltr'><strong>καί</strong></span> <span class='ocrx_word' id='word_1_318' title='bbox 924 4171 1029 4263; x_wconf 64' lang='grc' dir='ltr'><strong>ἐφορᾷ</strong></span> <span class='ocrx_word' id='word_1_319' title='bbox 1061 4177 1119 4238; x_wconf 86' lang='grc' dir='ltr'><strong>ιιαί</strong></span> <span class='ocrx_word' id='word_1_320' title='bbox 1151 4176 1186 4238; x_wconf 82' lang='grc' dir='ltr'><strong>τύ</strong></span> <span class='ocrx_word' id='word_1_321' title='bbox 1216 4183 1278 4238; x_wconf 79' lang='grc' dir='ltr'><strong>πᾶν</strong></span> <span class='ocrx_word' id='word_1_322' title='bbox 1306 4171 1322 4238; x_wconf 85' lang='grc' dir='ltr'><strong>ύ</strong></span> 
     </span>
     <span class='ocr_line' id='line_1_33' title="bbox 61 4291 1320 4385; baseline 0 -23"><span class='ocrx_word' id='word_1_323' title='bbox 61 4297 143 4384; x_wconf 62' lang='grc' dir='ltr'><strong>ἣλιος,</strong></span> <span class='ocrx_word' id='word_1_324' title='bbox 168 4300 288 4367; x_wconf 76' lang='grc' dir='ltr'><strong>ἄδειαν</strong></span> <span class='ocrx_word' id='word_1_325' title='bbox 312 4298 438 4385; x_wconf 79' lang='grc' dir='ltr'><strong>ἔχουσα</strong></span> <span class='ocrx_word' id='word_1_326' title='bbox 460 4293 480 4385; x_wconf 84' lang='grc' dir='ltr'>ἡ</span> <span class='ocrx_word' id='word_1_327' title='bbox 505 4299 584 4384; x_wconf 74' lang='grc' dir='ltr'><strong>μονή</strong></span> <span class='ocrx_word' id='word_1_328' title='bbox 608 4294 656 4362; x_wconf 78' lang='grc' dir='ltr'><strong>ἐπ’</strong></span> <span class='ocrx_word' id='word_1_329' title='bbox 680 4293 761 4384; x_wconf 74' lang='grc' dir='ltr'><strong>αὐτή</strong></span> <span class='ocrx_word' id='word_1_330' title='bbox 783 4307 881 4362; x_wconf 84' lang='grc' dir='ltr'><strong>ποιεῖν</strong></span> <span class='ocrx_word' id='word_1_331' title='bbox 905 4301 962 4362; x_wconf 85' lang='grc' dir='ltr'><strong>καί</strong></span> <span class='ocrx_word' id='word_1_332' title='bbox 984 4297 1130 4382; x_wconf 78' lang='grc' dir='ltr'><strong>πρύτττιν</strong></span> <span class='ocrx_word' id='word_1_333' title='bbox 1154 4295 1199 4369; x_wconf 78' lang='grc' dir='ltr'><strong>είς</strong></span> <span class='ocrx_word' id='word_1_334' title='bbox 1224 4291 1320 4382; x_wconf 86' lang='grc' dir='ltr'><strong>αύτήν</strong></span> 
     </span>
     <span class='ocr_line' id='line_1_34' title="bbox 62 4419 1323 4511; baseline -0.006 -22"><span class='ocrx_word' id='word_1_335' title='bbox 62 4429 130 4491; x_wconf 82' lang='grc' dir='ltr'><strong>ιατίι</strong></span> <span class='ocrx_word' id='word_1_336' title='bbox 157 4427 195 4492; x_wconf 82' lang='grc' dir='ltr'><strong>τὸ</strong></span> <span class='ocrx_word' id='word_1_337' title='bbox 227 4419 328 4510; x_wconf 80' lang='grc' dir='ltr'><strong>αύτής</strong></span> <span class='ocrx_word' id='word_1_338' title='bbox 353 4423 524 4509; x_wconf 78' lang='grc' dir='ltr'><strong>βουλητὸν,</strong></span> <span class='ocrx_word' id='word_1_339' title='bbox 547 4423 661 4496; x_wconf 79' lang='grc' dir='ltr'><strong>καύύς</strong></span> <span class='ocrx_word' id='word_1_340' title='bbox 685 4419 715 4486; x_wconf 86' lang='grc' dir='ltr'><strong>οἱ</strong></span> <span class='ocrx_word' id='word_1_341' title='bbox 737 4423 823 4486; x_wconf 80' lang='grc' dir='ltr'><strong>ύείοι</strong></span> <span class='ocrx_word' id='word_1_342' title='bbox 848 4423 905 4485; x_wconf 88' lang='grc' dir='ltr'><strong>καί</strong></span> <span class='ocrx_word' id='word_1_343' title='bbox 929 4419 1123 4510; x_wconf 84' lang='grc' dir='ltr'><strong>ριλευσεβεῑς</strong></span> <span class='ocrx_word' id='word_1_344' title='bbox 1143 4423 1236 4507; x_wconf 89' lang='grc' dir='ltr'><strong>νύμοι</strong></span> <span class='ocrx_word' id='word_1_345' title='bbox 1259 4430 1323 4511; x_wconf 78' lang='grc' dir='ltr'><strong>τρίς</strong></span> 
     </span>
     <span class='ocr_line' id='line_1_35' title="bbox 64 4542 1326 4632; baseline -0.002 -22"><span class='ocrx_word' id='word_1_346' title='bbox 64 4551 177 4624; x_wconf 82' lang='grc' dir='ltr'><strong>τελείοις</strong></span> <span class='ocrx_word' id='word_1_347' title='bbox 213 4553 274 4616; x_wconf 89' lang='grc' dir='ltr'><strong>καί</strong></span> <span class='ocrx_word' id='word_1_348' title='bbox 309 4545 454 4632; x_wconf 80' lang='grc' dir='ltr'><strong>ἀληθέσι</strong></span> <span class='ocrx_word' id='word_1_349' title='bbox 490 4545 660 4619; x_wconf 85' lang='grc' dir='ltr'><strong>δεσπόταις</strong></span> <span class='ocrx_word' id='word_1_350' title='bbox 698 4545 752 4632; x_wconf 85' lang='grc' dir='ltr'><strong>τήν</strong></span> <span class='ocrx_word' id='word_1_351' title='bbox 787 4543 930 4620; x_wconf 73' lang='grc' dir='ltr'><strong>ἐξουσίαν</strong></span> <span class='ocrx_word' id='word_1_352' title='bbox 963 4547 1156 4630; x_wconf 84' lang='grc' dir='ltr'><strong>παρέχουσιν</strong></span> <span class='ocrx_word' id='word_1_353' title='bbox 1192 4542 1224 4609; x_wconf 81' lang='grc' dir='ltr'><strong>έν</strong></span> <span class='ocrx_word' id='word_1_354' title='bbox 1261 4555 1326 4616; x_wconf 86' lang='grc' dir='ltr'><strong>τοίς</strong></span> 
     </span>
    </p>
   </div>
   <div class='ocr_carea' id='block_1_6' title="bbox 64 4663 1325 4831">
    <p class='ocr_par' dir='ltr' id='par_1_6' title="bbox 64 4663 1325 4831">
     <span class='ocr_line' id='line_1_36' title="bbox 64 4663 1325 4758; baseline -0.005 -20"><span class='ocrx_word' id='word_1_355' title='bbox 64 4669 135 4751; x_wconf 70' lang='grc' dir='ltr'><strong>δέοις</strong></span> <span class='ocrx_word' id='word_1_356' title='bbox 161 4686 281 4753; x_wconf 83' lang='grc' dir='ltr'><strong>αοιτῑν,</strong></span> <span class='ocrx_word' id='word_1_357' title='bbox 307 4672 357 4758; x_wconf 85' lang='grc' dir='ltr'><strong>μή</strong></span> <span class='ocrx_word' id='word_1_358' title='bbox 390 4665 656 4756; x_wconf 77' lang='grc' dir='ltr'><strong>ἀνακαλουμένων</strong></span> <span class='ocrx_word' id='word_1_359' title='bbox 685 4679 744 4734; x_wconf 79' lang='grc' dir='ltr'><strong>τῶν</strong></span> <span class='ocrx_word' id='word_1_360' title='bbox 771 4665 936 4756; x_wconf 77' lang='grc' dir='ltr'><strong>ύμοζύηοιν</strong></span> <span class='ocrx_word' id='word_1_361' title='bbox 963 4663 1051 4756; x_wconf 71' lang='grc' dir='ltr'><strong>ἡμῶν</strong></span> <span class='ocrx_word' id='word_1_362' title='bbox 1075 4664 1096 4756; x_wconf 85' lang='grc' dir='ltr'><strong>ή</strong></span> <span class='ocrx_word' id='word_1_363' title='bbox 1120 4665 1184 4734; x_wconf 76' lang='grc' dir='ltr'><strong>ἀπὸ</strong></span> <span class='ocrx_word' id='word_1_364' title='bbox 1207 4677 1266 4740; x_wconf 77' lang='grc' dir='ltr'><strong>τῶν</strong></span> <span class='ocrx_word' id='word_1_365' title='bbox 1290 4666 1325 4744; x_wconf 71' lang='grc' dir='ltr'><strong>λε</strong></span> 
     </span>
     <span class='ocr_line' id='line_1_37' title="bbox 1095 4777 1113 4831; baseline 0 0"><span class='ocrx_word' id='word_1_366' title='bbox 1095 4777 1113 4831; x_wconf 74' lang='grc'><strong>4</strong></span> 
     </span>
    </p>
   </div>
   <div class='ocr_carea' id='block_1_7' title="bbox 0 0 1624 5296">
    <p class='ocr_par' dir='ltr' id='par_1_7' title="bbox 0 0 1624 5296">
     <span class='ocr_line' id='line_1_38' title="bbox 0 0 1624 5296; baseline 0 0"><span class='ocrx_word' id='word_1_367' title='bbox 0 0 1624 5296; x_wconf 95' lang='lat' dir='ltr'><strong> </strong></span> 
     </span>
    </p>
   </div>
  </div>
 </body>
</html>
