3190 5284
265 305 307 369 68

263 507 349 567 ναοῖς
374 496 429 556 καὶ
452 495 562 566 Εενωσι
585 496 640 554 καί
664 489 809 569 εόαγέσιν
836 489 936 562 οίκυις
966 488 1103 576 ἀφιερεῖν
1127 493 1184 552 καί
1207 493 1309 552 πάντα
1332 491 1480 571 πράττειν
1506 484 1540 548 ἐν

264 613 383 690 αάτοίς,
419 612 482 679 ὅσα
511 614 540 678 οἱ
563 617 647 678 θεῖοι
671 617 725 678 καί
758 615 955 701 φιλτυσεβεῖς
978 616 1070 697 νόμοι
1101 623 1165 683 τοῖς
1194 610 1334 697 ἀληθόσι
1365 611 1541 682 δεσπόταις

265 739 315 804 ἐπί
348 751 413 810 τοῖς
448 734 496 802 ἀπ’
532 733 633 802 αὐτόν
667 737 915 822 δεσποζομίνοις
950 737 1204 821 διαπράττεσθαι
1237 735 1438 820 διορίζονται,
1479 736 1542 796 καί

263 864 374 927 λοιπόν
403 861 638 945 ἐπερωτώμενοι
674 857 893 944 ὁμολογοῦμεν
921 868 977 923 τοῦ
1013 860 1055 944 μη
1085 857 1129 930 τίς
1158 855 1339 943 ἀνατροπὴν
1367 861 1426 921 καί
1453 853 1542 921 ἀθό-

263 1005 352 1071 τησιν
386 991 533 1069 χωρῆσαι
567 991 623 1067 τῆς
656 985 818 1068 παρούσης
852 978 940 1067 ἡμῶν
975 983 1199 1066 προστνίξεως,
1238 983 1369 1066 μερικὴν
1398 978 1419 1065 ἢ
1453 975 1538 1042 καθ’

264 1105 452 1192 ὁλόκληρον,
478 1108 557 1190 μήτε
583 1106 642 1189 μὴν
668 1105 836 1189 μεταμέλῳ
861 1103 1021 1190 οίφδήτινι
1037 1105 1238 1191 χρησασθαι,
1264 1102 1455 1188 ἀναιροόμεν
1481 1097 1540 1165 ἀπ’

265 1227 409 1314 ἐμαυτόν
433 1231 535 1292 πάντα
564 1228 741 1312 μετάμελυν
772 1231 884 1311 τρόπον
908 1232 964 1289 καί
988 1225 1083 1291 αὐτόν
1107 1228 1146 1313 δη
1170 1229 1224 1292 τόν
1246 1229 1316 1310 περὶ
1340 1224 1540 1311 ἀχαριστίας

264 1357 410 1438 κείμενον
436 1353 542 1436 νόμον,
566 1353 623 1413 καί
647 1346 714 1414 οὐδ’
739 1346 824 1434 αὐτῷ
847 1349 889 1434 τῷ
912 1353 998 1434 νόμιρ
1022 1353 1217 1434 χρησόμεθα
1237 1353 1362 1413 πώποτε
1386 1347 1430 1422 είς
1455 1350 1541 1432 βοή-

264 1479 360 1539 θειαν
383 1471 472 1559 ἡμῶν
495 1483 555 1536 τῶν
579 1470 812 1556 ἀναιρουμένων
833 1473 887 1556 τὴν
912 1473 1060 1556 τοιαότην
1082 1473 1272 1556 προσίνεξιν,
1296 1468 1540 1555 ότεξιστόμεθα

265 1601 326 1681 γὰρ
350 1600 405 1661 καί
427 1604 484 1680 τῆς
508 1595 654 1658 ἐντεῦθεν
677 1584 896 1680 ’ἐπερχομένης
919 1591 991 1679 η’μῖν
1017 1595 1175 1680 βοηθείας
1205 1598 1262 1658 καί
1285 1591 1381 1674 αότοό
1408 1595 1447 1680 δη
1479 1601 1540 1657 τοῦ

264 1721 426 1803 βενιαλίου
454 1721 615 1802 δόγματος
639 1726 693 1780 τοῦ
723 1719 920 1803 βοηθοῦντος
948 1717 1021 1790 τοός
1049 1717 1275 1802 ἀπατωμένους
1303 1722 1539 1802 σομφωνουμό-

263 1861 323 1907 νων
358 1843 533 1928 φυλάσσειν
561 1842 617 1926 την
651 1849 815 1924 παροῦσαν
849 1837 938 1926 ἡμῶν
961 1843 1139 1925 προσόντειν
1171 1838 1385 1906 ἀναλλοίωτον
1413 1837 1446 1912 ἐς
1471 1837 1538 1904 ἀεί.

265 1965 349 2050 τίπερ
372 1965 408 2028 δὲ
432 1969 534 2028 τοίνυν
559 1937 626 2028 ἀπό.
645 1973 701 2028 τοο
728 1967 882 2048 παρόντος
919 1965 1092 2048 μετάμελοι
1118 1967 1279 2048 γινόμεθα
1309 1968 1365 2028 καί
1388 1960 1409 2049 ἢ
1432 1964 1539 2047 νομὴν

263 2085 284 2175 ἡ
307 2097 421 2174 χρῆσιν
444 2085 465 2173 ἢ
490 2087 676 2151 δεσποτείαν
699 2083 719 2172 ἣ
744 2083 825 2160 ὅλως
857 2091 1026 2172 μετουσίαν
1049 2090 1118 2150 τινά
1141 2087 1396 2172 προβαλλόμεθα
1419 2085 1469 2150 ἐπὶ
1492 2085 1542 2173 τῷ

263 2212 511 2295 προσενεχθέντι
534 2205 606 2295 ἡμῖν
631 2211 684 2294 τὴν
709 2213 849 2296 σήμερον
871 2213 1033 2294 πράγματι
1061 2208 1221 2295 οίφδήτινι
1242 2206 1263 2295 ἢ
1288 2207 1450 2294 ἀντίχαριν
1476 2207 1539 2272 ἀκ-

265 2336 451 2419 ῑητησωμεν
474 2329 495 2417 ἢ
520 2329 630 2416 ἑτερου
653 2335 751 2416 νόμου
774 2331 867 2416 ίσχόν
891 2334 926 2394 τό
958 2333 1090 2396 σόνολυν
1120 2332 1381 2417 προβαλλόμεθα
1407 2329 1428 2417 ἢ
1452 2327 1539 2396 ἀπό-

264 2473 375 2540 σχεσιν
408 2455 567 2539 ἔγγραφον
597 2451 617 2540 ἢ
653 2453 796 2540 ἄγραφον
821 2451 853 2528 ἐξ
876 2449 976 2536 όμιῖιν.
993 2454 1219 2540 ίκίητησωμον
1245 2452 1267 2542 ἢ
1290 2457 1368 2539 πρός
1398 2452 1479 2518 ἀλλο
1505 2477 1539 2519 τι

265 2575 490 2661 ἀνατρεπτικόν
514 2581 569 2641 καί
595 2575 734 2642 ἐναντίον
758 2575 955 2662 ἐκκλίνωμεν
978 2579 1055 2661 πρὸς
1078 2579 1113 2640 τό
1142 2575 1303 2644 ἀναλῦσαι
1323 2575 1345 2664 ἢ
1370 2575 1539 2664 ἀθετῆσαι

264 2701 298 2765 δν
340 2704 396 2765 καί
424 2705 517 2785 μόνον
554 2696 641 2785 βῆμα
675 2709 735 2764 των
763 2700 907 2766 ἐνταῦθα
942 2697 1241 2786 ἀναγεγραμμίνων,
1275 2702 1538 2787 προβαλλόμεθα

262 2825 334 2907 βίαν
357 2819 378 2909 ἢ
402 2825 500 2910 φόβον
531 2821 671 2908 ἣδόλυν
706 2821 726 2910 ἢ
757 2820 995 2909 περιγραφὴνῆ
1027 2828 1163 2909 νομίμου
1195 2828 1319 2910 φάκτοο
1351 2823 1483 2904 ἀγνοιαν
1515 2817 1551 2911 ὴ*

261 2943 401 3011 ίδιωτίαν
424 2944 445 3032 ἦ
470 2943 673 3031 ἀγροικίανί]
698 2950 880 3024 γυναικείαν
905 2943 985 3009 αίδιλ
1005 2950 1062 3010 καί
1084 2942 1261 3033 ἀποστολὴν
1284 2945 1306 3034 ἢ
1330 2949 1539 3033 σοναρταγην

264 3065 429 3154 ῆχλεόην
456 3066 476 3153 η
502 3063 704 3153 ῥᾳδιουργίαν
731 3064 751 3154 ἢ
779 3065 887 3152 ἕτερόν
911 3091 940 3131 τι
963 3068 1218 3155 δικαιολόγημα,
1247 3067 1301 3155 ἀφ’
1336 3067 1378 3134 ὧν
1406 3069 1436 3134 οί
1461 3073 1538 3154 περί

264 3199 324 3254 τῶν
348 3192 518 3255 δικανικῶν
536 3189 639 3254 ἱκανοί
662 3189 798 3254 είόθασι
812 3189 999 3275 προτιθέναι
1022 3191 1068 3264 εὶς
1090 3194 1146 3278 την
1162 3202 1223 3258 τῶν
1248 3194 1415 3280 ίγγρτίφων
1440 3191 1537 3256 ἀναί-

262 3333 346 3396 ρεσιν
374 3317 429 3376 καί
456 3311 614 3398 ἀθέτησιν
638 3321 697 3375 των
726 3315 1014 3399 συμφωνηθόντων,
1044 3309 1081 3392 τό
1110 3317 1206 3400 μόνον
1234 3311 1271 3379 οδ
1295 3316 1338 3402 μη
1363 3315 1536 3382 οὶσαοιυόσ·

263 3437 351 3521 μοθα
376 3433 425 3521 ἀφ’
449 3433 495 3506 οίς
523 3431 561 3498 ἀν
586 3433 712 3521 ἔχωμεν
740 3437 857 3516 λέγειν,
888 3435 972 3500 ἀλλὰ
1001 3437 1057 3502 σόν
1078 3437 1120 3522 τῷ
1151 3439 1194 3525 μή
1218 3437 1450 3504 εἰσακοόοσθαι
1474 3441 1537 3502 καί

261 3559 434 3642 προστίμου
467 3557 563 3620 δόσει
598 3553 839 3642 όποκεισόμεθα
871 3563 1024 3644 παρέχειν
1050 3561 1131 3645 πρός
1159 3565 1215 3647 μὲν
1248 3565 1341 3626 παντί
1367 3560 1411 3646 τῷ
1442 3567 1536 3647 μέρτι

260 3689 315 3766 τῆς
339 3687 437 3765 μονῆς
460 3673 620 3762 όπίρπορα
643 3681 751 3765 λίτρας
774 3691 865 3766 τρεῖς,
888 3685 966 3768 πρός
988 3683 1024 3747 δί
1047 3685 1083 3747 τό
1101 3685 1268 3766 βασιλικόν
1293 3688 1469 3772 βοστιάριον
1494 3689 1534 3750 τό

261 3806 363 3887 τρίτον
385 3803 512 3880 τοότων,
535 3805 612 3886 πρός
635 3805 671 3867 τό
693 3807 751 3867 καί
773 3800 872 3878 οδτως
896 3803 1058 3890 ἐρρῶσθαι
1085 3807 1141 3892 την
1163 3815 1329 3892 παροῦσαν
1351 3813 1534 3894 πρυσὲνεξιν

262 3923 305 3996 τίς
330 3927 382 3988 τόν
407 3921 531 3990 ἅπαντα
555 3923 654 3988 αἰῶνα
678 3925 734 4010 την
758 3930 814 3990 καί
838 3940 1010 4012 γραφεῖσαν
1034 3933 1090 3993 καί
1113 3927 1366 4016 ίρμηνεοθεῐσαν
1394 3931 1449 3995 διὰ
1473 3941 1532 3996 τοῦ

260 4047 491 4132 ταβουλλαρίοο
519 4057 575 4133 τῆς
599 4045 778 4134 ἁγιωτάτης
804 4051 1027 4134 μητροπόλεως
1056 4050 1213 4138 Σμόρνης,
1237 4051 1399 4138 Γεωργίου
1421 4053 1534 4141 ἱερέως

258 4173 314 4232 τοῦ
337 4167 523 4255 Ἀληθινοό,
546 4175 602 4234 καί
626 4165 669 4242 ὥς
692 4173 796 4234 πάντα
819 4169 996 4250 ἐπιγνόντες
1017 4169 1056 4236 δι’
1082 4168 1180 4237 αὐτοῦ
1204 4172 1425 4262 ὁμολογοῦμεν
1450 4181 1528 4244 τοό-

258 4311 324 4361 τοις
348 4303 497 4378 στοιχεῖν,
521 4289 598 4358 ὅθεν
622 4297 679 4357 καί
702 4290 896 4377 ἀρεσθίντες
918 4297 1135 4381 προστάξομεν
1156 4295 1283 4362 ἀνωθεν
1308 4301 1380 4373 τοός
1404 4307 1530 4386 τιμίους

257 4415 413 4496 σταυροός
438 4411 695 4498 ἀντισογγράφως
720 4414 893 4490 ἀποδόντες
919 4417 1050 4483 ἐνώπιον
1076 4428 1135 4483 τόν
1152 4415 1419 4507 όπυγραψομένων
1444 4446 1529 4510 μαρ-

256 4536 355 4619 τόρων
380 4541 486 4620 μηνί
510 4535 682 4620 μαρτίφ
705 4535 785 4602 ἰνδ.
809 4549 961 4626 πρωτη
988 4541 1121 4614 ἔτους
1149 4543 1296 4628 ,ςψνμ

346 4655 436 4736 †‘0
470 4661 852 4742 πρωτονοτάριος
880 4659 1262 4752 τῆς.οίγιωτάτης
1297 4675 1527 4754 μητροπό-
