3140 5284
282 433 478 501 LXXXVIII.
501 434 731 512 6776—1268,
749 453 855 500 ωυατο
870 432 989 514 martio,
1006 432 1070 499 ind.
1089 433 1138 499 XI.

338 565 464 620 Μίαίιοέί
480 565 628 638 Δροίτκικε
642 569 813 622 monasterio
829 567 920 622 τναάίί
935 583 1075 637 campum.

142 678 404 768 ῒΓράμμα
442 683 766 769 παραδοτικδν
804 687 1038 766 οεβαοτοῦ
1076 689 1153 746 τοῦ
1190 679 1340 748 Ἀπολ·

52 805 170 884 μενὲ
213 814 362 890 κυροῦ
397 804 585 893 Μιχαῆλ
621 803 693 872 ἐπί
727 817 1166 894 τοίςπρογραφιιοι
1196 823 1341 890 χωρα-

52 927 194 1011 φίοις
235 935 317 992 τοῦ
353 931 564 1018 γαμβροῦ
598 927 739 996 αὐτοῦ
773 927 1019 1016 Πττρίκίη,
1055 926 1155 994 ἐκεί
1187 923 1269 995 οὐκ
1303 925 1339 992 ί·

52 1051 225 1136 φθασι
262 1051 561 1137 παραδοῦναι
594 1056 645 1117 τὰ
682 1060 880 1118 τοιαῦτα
915 1050 1102 1126 ίκιίνος
1140 1061 1190 1138 τῆ
1222 1059 1339 1152 μονῆ

50 1169 197 1256 ὃςτῷ
227 1173 871 1260 τὲλτιτοῦβίουᾶποδοῦςξ.

144 1294 244 1377 †‘0
275 1298 444 1373 δοῦλος
479 1307 556 1364 τοῦ
583 1308 816 1384 κραταιοῦ
844 1303 923 1364 καί
951 1297 1086 1378 ἁγίου
1114 1293 1234 1385 ἡμῶν
1270 1293 1339 1364 αύ-

50 1417 244 1486 uma
274 1425 351 1486 καί
383 1423 620 1506 βασιλύως
654 1423 887 1506 στβαστύς
921 1419 1154 1510 Μιχαῆλδ
1189 1421 1338 1488 Ἀκολ-

51 1548 169 1630 μενέ
196 1549 231 1626 †.

145 1673 171 1748 †
197 1667 256 1734 Ἐν
286 1665 417 1755 δνύματι
439 1691 471 1734 τι.
495 1691 521 1734 τ.
545 1671 574 1734 λ.
599 1667 617 1734 δ
645 1668 770 1735 άνωθεν
788 1718 896 1736 .....
934 1669 1152 1757 οίκειοχείρως
1178 1669 1338 1754 προτάξας
1430 1725 1435 1734 .

52 1795 201 1878 τίθεμαι
226 1798 287 1858 καί
309 1803 388 1858 τοιῦ
412 1789 565 1866 ἑκουσίως
587 1813 618 1859 κ.
636 1817 661 1859 τ.
686 1793 714 1858 λ.
741 1791 791 1858 ἐπί
814 1805 853 1880 τῆ
875 1795 1021 1880 παρούση
1038 1789 1200 1872 ύποθίσει,
1223 1793 1338 1866 καθύς

53 1917 312 2004 δηλωθήσεται.
346 1919 403 1980 καί
438 1919 499 2000 γὰρ
537 1914 604 1980 ίπτί
637 1913 654 1982 ύ
686 1919 902 2004 περιπόθητος
941 1937 1001 2002 μου
1039 1914 1158 1990 ἰκτῖνος
1196 1916 1337 2002 γαμβρὸς

54 2037 228 2124 Γειδργιος
258 2035 277 2102 ὁ
305 2038 477 2126 Πετρίτξης
506 2037 650 2126 ἔφθασαν
679 2039 829 2105 ἐκδοῦναι
853 2041 933 2125 π’ρύς
960 2039 1015 2126 τῆν
1039 2041 1215 2124 σεβασμίων
1242 2035 1336 2118 ἁγίαν

55 2161 242 2248 βασιλικὴν
269 2161 366 2247 μονὴν
388 2171 449 2226 των
470 2159 608 2248 Λέμβων
635 2166 796 2251 χωράφιον
820 2159 882 2228 ἀπὸ
905 2171 966 2228 τῦν
989 2173 1122 2242 γονικῦν
1146 2159 1243 2228 αὐτοῦ
1265 2184 1334 2252 χω·

55 2291 187 2372 ραφίων
213 2295 278 2350 τῶν
302 2281 399 2350 ὄντων
424 2283 457 2349 ίν
480 2285 523 2370 τῷ
542 2289 659 2372 κύρτῳ
683 2294 739 2352 τοῦ
758 2283 1006 2372 Μεμανιωμίνοο
1027 2286 1163 2374 πλησίον
1185 2288 1242 2352 καί
1264 2285 1335 2352 τύν-

56 2429 157 2488 εγγυς
189 2417 255 2473 τῶν
285 2411 454 2494 χωραφύον
481 2417 538 2495 τῆς
565 2411 715 2496 τοιαύτης
743 2409 912 2496 βασιλικῆς
935 2417 1034 2496 μονῆς
1062 2419 1123 2474 τῦν
1155 2406 1189 2474 ἰν
1216 2417 1256 2495 τῆ
1283 2430 1336 2474 το·

55 2534 211 2616 τοθτσία
246 2539 303 2596 τοῦ
337 2529 463 2616 Πῦργου
497 2533 705 2618 διακειμένων
738 2535 795 2598 καί
829 2533 883 2598 διὰ
921 2531 1044 2618 στηλιῦν
1082 2535 1336 2618 κεχωρισμένων,

1 2733 2 2738 ¹
57 2658 336 2742 γαμματιξύντων
363 2665 424 2720 τῶν
458 2652 559 2721 αύτῦν
588 2659 759 2746 χωραφίων
786 2659 842 2720 καί
869 2653 1119 2743 ἀλλεπαλλῆλως
1148 2655 1335 2742 είστρχομύ-

56 2801 121 2845 νων
145 2801 184 2842 τε
210 2779 271 2842 καί
295 2776 511 2866 λξερχσμίνων
534 2779 574 2844 δι’
596 2777 733 2866 ὶσασμύν
757 2776 859 2844 αὐτῶν
882 2787 941 2844 τῦν
964 2783 1145 2867 χωραφίων·
1169 2781 1205 2844 τύ
1228 2779 1334 2865 δηλω-

57 2905 120 2966 θὲν
150 2899 287 2977 ἐξέδοτο
316 2904 477 2990 χωράφιον
505 2905 645 2990 ψυχικῆς
665 2899 763 2969 δνεκα
786 2906 942 2989 σωτηρίας
965 2899 1077 2983 αὐτοῦ,
1101 2901 1136 2976 ὃς
1160 2901 1334 2985 ἀνελάβιτο

58 3024 124 3090 ἀπὸ
150 3035 212 3111 τῆς
228 3025 438 3112 δηλωθείσης
461 3027 630 3112 βασιλικῆς
646 3023 741 3105 ἁγίας
757 3034 855 3112 μονῆς
878 3029 971 3111 χάριν
988 3022 1188 3111 ἀντιχάριτος
1211 3023 1333 3092 ἰκτίνου

57 3147 124 3212 ἀπὸ
153 3159 221 3212 τῶν
252 3158 401 3233 μοναχῦν
436 3144 531 3236 αὐτῆς
562 3145 719 3234 ῦιτύρπυρα
747 3151 828 3213 δέκα
861 3148 906 3222 εἴς
940 3169 1009 3214 τινα
1044 3151 1252 3234 συγκρότησιν
1279 3156 1335 3234 τῆς

57 3279 300 3358 στρατιωτικῆς
325 3267 421 3336 αύτυῦ
437 3272 592 3345 δουλείας.
618 3271 635 3336 δ
659 3272 694 3336 δὲ
718 3267 777 3337 οῦκ
802 3271 944 3360 ἔφθασεν
969 3271 1015 3336 ἔτι
1039 3275 1099 3346 ξῦν
1121 3275 1178 3336 καί
1201 3272 1254 3336 διὰ
1277 3293 1333 3336 το-

56 3405 159 3480 πικῆς
185 3395 398 3480 παραδόσεως
420 3395 630 3482 διαμετρῆσαι
653 3399 709 3460 καί
731 3395 927 3481 παραδοῦναι
950 3391 1027 3460 αύτό
1050 3397 1126 3480 πρὸς
1149 3395 1202 3480 τῆν
1224 3396 1333 3481 μονὴν,

58 3517 134 3582 ἀλλ’
161 3513 240 3604 αύρε
266 3525 322 3603 τῆς
345 3515 378 3582 ἐν
401 3529 439 3604 τῆ
464 3517 588 3605 Σμύρνη
612 3519 816 3605 διακειμένης
840 3527 938 3604 μονῆς
962 3526 1016 3584 τοῦ
1040 3516 1072 3582 ἐν
1094 3514 1197 3596 ἁγίοις
1215 3519 1335 3604 πατρὸς

56 3637 152 3728 ἡμῶν
180 3637 402 3726 ἆρχιεράρχου
425 3645 481 3706 καί
507 3644 755 3728 θαυματουργοῦ
777 3641 943 3708 Νικολάου
968 3643 1130 3727 μοναχούς
1153 3641 1336 3712 κωλύοντας

57 3766 116 3850 τῆν
140 3765 262 3830 τούτου
283 3765 459 3850 παράδοσιν
482 3765 595 3829 διὰτὸ
620 3765 707 3851 ἔχειν
730 3769 786 3830 καί
806 3766 923 3852 ταύτην
947 3765 1060 3851 μερίδα
1076 3787 1109 3829 τε
1135 3768 1193 3830 καί
1215 3764 1335 3850 κληρο-

57 3893 179 3973 νομίαν
204 3885 244 3952 ἐκ
267 3888 439 3963 διατάξεως
461 3897 590 3974 γονικῆς
615 3885 738 3952 ἐκείνου
762 3886 989 3977 άδιλφύτητος·
1010 3885 1071 3953 καὶ
1093 3891 1155 3974 γάρ
1179 3885 1335 3952 ἐκωλύετο

58 4008 80 4098 ἡ
109 4013 249 4097 τοιαύτη
277 4012 390 4097 τοπικῆ
417 4011 595 4096 παράδοσις
622 4015 761 4098 νομίμως
788 4013 842 4076 διὰ
870 4014 923 4076 τὸν
951 4015 1175 4098 γνησιίστιρον
1197 4010 1335 4095 πλησια-

60 4137 159 4218 σμύν,
190 4129 210 4220 ἡ
248 4134 282 4198 δὲ
318 4132 532 4221 ἀπαραίτητος
559 4135 640 4221 τομῆ
668 4143 723 4198 τοῦ
751 4137 895 4200 θανάτου
930 4137 1087 4222 φθάσασα
1120 4135 1176 4196 καί
1211 4133 1262 4196 δαί
1290 4131 1332 4218 τῷ

60 4259 200 4344 γαμβρῷ
227 4279 289 4343 μου
316 4255 443 4342 ἐκείνῳ,
470 4259 584 4331 καθὼς
611 4261 668 4322 καί
696 4269 735 4344 τῆ
766 4257 952 4343 ἀνθρωπεία
975 4259 1066 4344 φύσει
1089 4253 1258 4332 ἐπίκτιται,
1281 4255 1338 4323 καὶ

61 4378 94 4443 ἐν
120 4393 163 4468 τῇ
191 4382 361 4464 τελευταία
389 4379 529 4468 ἀναπνοῆ
558 4377 702 4467 ἠθέλησε
726 4385 765 4446 τὰ
796 4385 906 4446 πάντα
931 4375 1026 4444 αὐτοῦ
1049 4380 1156 4449 καλῶς
1179 4379 1339 4442 διαθεῖναι

60 4510 115 4570 καί
139 4507 371 4582 διατύξασθαι.
398 4507 476 4588 μετὰ
500 4513 574 4584 γοῦν
598 4515 657 4568 τῶν
681 4505 797 4569 λοιπῶν
829 4513 888 4588 τῆς
913 4505 1073 4590 διαθήκης
1098 4497 1192 4566 αὐτοῦ
1218 4521 1339 4585 παραγ-

63 4631 226 4716 γελμάτων
256 4617 419 4714 ἑποιφῆκέ
433 4630 509 4712 πρὸς
532 4624 632 4715 ἡμᾶς,
660 4626 713 4692 ἵνα
736 4630 792 4691 καί
815 4624 911 4698 αὐτὸς
934 4629 1161 4711 παραγένωμαι
1183 4627 1239 4690 καί
1264 4622 1332 4690 ίαιμ

1086 4737 1115 4787 ss
