3140 5284
287 262 349 330 172

284 467 381 523 οόσαν
398 505 406 522 .
424 507 457 521 ..
486 457 700 542 παραδοτικήν
729 453 900 540 ὁμολογίαν
927 459 983 519 καί
1012 452 1188 542 ἀσφάλειαν
1217 461 1272 537 τῆς
1299 453 1451 516 κάτωθεν
1489 450 1550 533 δη-

283 583 531 668 λωόησομένης-
548 581 756 666 προσενὲξεως
780 590 839 644 τῶν
866 577 991 644 ἄνωθεν
1020 573 1261 692 ῥηθησομένων,
1289 571 1464 650 Εύδοκίας,
1495 581 1551 657 τῆς

284 707 417 792 σομβίοο
445 701 567 768 ἐκείνου
594 701 738 769 Ἰωάννου
765 713 820 768 τοῦ
845 702 1009 790 Πετρίτίη,
1032 700 1287 776 Κωνσταντίνοο,
1316 708 1370 764 τού
1395 695 1467 762 οἱοῦ
1494 690 1552 758 αύ-

284 837 340 915 τῆς
362 837 417 892 τού
434 827 598 913 Πεπρίτίη,
622 826 677 890 σύν
700 835 760 890 τῶν
783 824 878 911 ἑτέρῳ
895 823 950 911 υἱῷ
974 819 1071 910 αὐτῆς
1095 823 1140 908 τηῐ
1161 821 1295 910 Μιχαὴλ
1317 825 1374 888 καί
1395 819 1552 905 Γεωργίῳ

285 950 327 1036 τῷ
347 949 466 1036 Καπνῷ
487 953 545 1016 καί
566 948 793 1035 Κωνσταντίνῳ
817 949 859 1035 τῷ
881 946 977 1034 ἐτὲρφ
1000 947 1132 1034 Καπνιρ,
1158 949 1200 1034 τῷ
1223 943 1411 1034 αύταδόλφιρ
1439 941 1550 1020 αὐτοῦ,

285 1071 458 1162 ἐπαφίομεν
482 1070 558 1158 ύπὲρ
581 1077 720 1160 ψυχικῆς
743 1069 831 1160 ἡμῶν
855 1077 1011 1158 σωτηρίας
1039 1075 1073 1138 τό
1102 1075 1264 1160 χωράφιον
1292 1067 1380 1157 ἡμῶν
1409 1072 1447 1134 τό
1477 1068 1550 1132 δια-

284 1201 429 1284 κείμενον
453 1191 485 1262 ἐν
508 1208 547 1284 τη
571 1198 749 1280 τοποθεσίη
771 1203 826 1260 τού
845 1193 982 1262 Ἃλοκού
1006 1199 1041 1261 τό
1065 1200 1121 1262 καί
1144 1197 1279 1282 πλησίον
1303 1203 1358 1260 τού
1381 1195 1550 1280 χωραφίοο

284 1329 341 1408 της
368 1317 462 1400 ἁγίοις
491 1321 659 1408 βασιλικῆς
686 1328 785 1406 μονῆς
806 1328 863 1406 τῆς
892 1315 1068 1404 ύπεροίγνοο
1096 1322 1297 1406 δεομητορος
1320 1327 1375 1404 τῆς
1398 1315 1552 1404 Λεμβιω·

285 1449 394 1530 πίσσης
418 1440 494 1508 ὡσεί
517 1447 701 1530 στρίμματα
725 1441 827 1520 ἐννέα,
850 1447 908 1509 καί
927 1441 1113 1528 ἐκδιδούμεν
1137 1451 1230 1508 τοῦτο
1253 1439 1343 1530 ἡμεῖς
1367 1440 1398 1508 οἱ
1421 1439 1550 1516 ἄνωθεν

285 1567 486 1654 δηλωθέντες
514 1575 568 1632 τού
596 1570 746 1652 κατέχειν
772 1570 831 1632 καί
856 1567 1021 1641 δεσπόζειν
1050 1561 1126 1631 αότό
1154 1561 1329 1652 ἡτοιαύτη
1358 1565 1441 1650 μονὴ
1466 1565 1551 1626 κατὰ

284 1701 390 1757 πᾶσαν
414 1687 598 1756 δεσποτείαν
621 1693 677 1754 καὶ
701 1687 909 1778 ἀναφαίρετον
932 1692 1104 1777 κυριότητα
1127 1689 1368 1777 ἀκαταίητητον
1390 1686 1451 1754 καὶ
1476 1685 1550 1752 αἰνε-

285 1815 441 1902 νόχλητον
465 1811 527 1879 όιπό
549 1815 666 1886 παντός
690 1815 882 1900 ζητήματος,
907 1811 968 1878 ἀπό
992 1835 1024 1878 τε
1047 1823 1257 1899 προσωπικῶν
1283 1817 1340 1878 καί
1363 1809 1549 1896 ἀλλοτρίων,

285 1941 342 2004 καί
370 1933 406 2002 ού
436 1938 730 2023 μεταμελησόμεδα
757 1938 827 2022 περί
853 1944 910 2022 τῆς
932 1939 1081 2024 τοιαύτης
1107 1937 1315 2023 προσενέξεως
1338 1939 1395 2000 καὶ
1418 1935 1549 2008 δόσεως,

287 2061 463 2148 ἐμμένομεν
491 2061 527 2124 δὲ
555 2059 676 2145 μᾶλλον
705 2059 791 2146 ἔχειν
821 2055 918 2147 αύτίγν
945 2063 981 2126 τό
1010 2066 1140 2148 στέργον
1167 2064 1223 2126 καί
1253 2061 1396 2144 βέβαιον,
1425 2055 1489 2128 ἕως
1514 2051 1548 2122 ού

286 2185 360 2251 τόδε
389 2186 424 2249 τδ
451 2187 607 2268 περίγειον
634 2179 762 2248 ἵσταται
789 2187 845 2249 καί
873 2181 890 2248 ό
916 2181 1007 2270 ἥλιος
1035 2185 1107 2249 τόδε
1136 2186 1171 2250 τύ
1197 2194 1261 2248 πᾶν
1289 2181 1403 2272 ἐφορᾷ,
1427 2183 1486 2246 καί
1508 2173 1559 2264 μή

287 2331 333 2381 τις
357 2305 419 2372 όιπό
443 2315 498 2372 τού
522 2310 636 2392 μόροος
655 2303 742 2393 ἡμῶν
766 2309 843 2392 πρός
866 2306 1044 2394 ἀνατροπὴν
1068 2307 1189 2393 ἐλκύση
1212 2318 1272 2372 τῶν
1296 2307 1548 2393 συμπεφωνημέ-

288 2449 348 2494 νων
375 2426 448 2517 ἡμῖν
475 2433 532 2494 καί
557 2432 765 2516 πραχθένπων
792 2433 868 2516 πρός
896 2432 939 2517 τιρ
966 2426 1002 2495 ού
1032 2432 1074 2518 μη
1103 2429 1449 2517 είσακοοσόησόμεδα,
1480 2425 1549 2492 ἀλλ’

288 2551 554 2638 ἀποπεμπύιμεθα
577 2551 733 2638 ἄπρακτοι
756 2553 817 2619 ἀπό
844 2557 960 2628 παντός
988 2555 1193 2642 δικαστηρίου
1222 2553 1378 2640 ἄπρακτοι
1406 2555 1465 2618 καί
1492 2571 1549 2616 κα-

289 2675 564 2762 ταδεδικασμένος
587 2677 800 2762 κερδανοῦμεν
816 2677 852 2741 δὲ
873 2680 1001 2750 καὶτὰς
1025 2675 1104 2763 ἀρὰς
1130 2697 1161 2743 κ.
1185 2677 1211 2743 π.
1236 2679 1265 2744 λ.
1289 2687 1390 2742 ταῦτα
1414 2680 1472 2762 μὲν
1495 2677 1547 2740 καί

286 2798 318 2866 ἐν
347 2797 389 2883 τιγῐ
419 2801 549 2884 παρόντι
576 2797 752 2886 ἐκδοτηρίῳ
781 2797 929 2889 ἐγγράφῳ
957 2797 1055 2875 ούτως
1084 2799 1297 2888 ἐδηλιύδησαν
1325 2804 1365 2864 τὰ
1387 2803 1446 2865 καί
1469 2819 1545 2884 γρα-

288 2927 385 3012 φόντα
420 2920 453 2997 ἐξ
484 2921 613 3008 ἐντολῆς
647 2923 702 2986 διὰ
735 2931 790 2988 τού
824 2931 957 3009 νομικού
989 2927 1046 2990 καί
1079 2923 1396 3010 πρωτοπρεσβοτέροο
1432 2926 1546 3010 χωρίοο

289 3045 518 3132 Μοορμούντων
534 3049 590 3110 καί
606 3040 824 3132 ύπογραφέντα
843 3047 898 3110 διὰ
913 3057 972 3111 τῶν
990 3049 1161 3133 μαρτύρων.
1187 3067 1242 3134 μη
1256 3069 1272 3112 ν
1286 3051 1296 3112 ί
1319 3044 1374 3112 ἀπ
1386 3070 1402 3133 ρ
1416 3073 1427 3111 ι
1440 3048 1459 3112 λ
1471 3047 1490 3110 λ
1502 3049 1544 3130 ίῳ

288 3169 369 3234 ίνδ.
393 3168 651 3255 τρίτηςτού
678 3171 812 3254 ,ςψπγ
839 3169 1026 3251 ἐτοοςη.

378 3291 475 3373 Σίγνα
503 3293 679 3378 μαρτύρων·
715 3289 858 3358 Ἰωάννου
886 3301 941 3357 τού
968 3291 1136 3381 Πετρίτζη,
1164 3293 1308 3376 Ἰωάννου
1336 3305 1391 3362 τοῦ
1419 3293 1542 3366 Ἀσκού,

291 3412 455 3483 Νικολάου
477 3425 533 3480 τού
555 3415 724 3503 Βακχάνη.

379 3537 453 3619 †‘0
477 3533 1542 3628 εύτεληςἱερεύς,πρωποπρεσβύτεροςκαίνο-

293 3663 428 3748 μικός
462 3667 634 3747 χωρίου
661 3660 1009 3748 Μοορμούντων,
1038 3663 1315 3750 Γειύργιοςύ
1350 3665 1541 3751 Κορωνί-

293 3805 380 3871 της,
409 3786 455 3851 τό
488 3789 634 3872 παρόν
661 3783 1205 3876 ἐκδοτηριονέγγραφον
1240 3793 1420 3876 γράψας
1455 3784 1543 3853 ύπέ-

292 3913 444 3997 γράψαι
466 3912 494 3990 †.

539 4105 643 4171 xovl.
661 4107 890 4185 6784-1276,
907 4125 1014 4171 mense
1029 4105 1147 4182 martio,
1165 4105 1228 4172 ind.
1247 4107 1297 4174 lv.

474 4249 602 4305 Μίοόαὲί
616 4252 755 4308 Patribus
770 4257 940 4308 οιοκαοίειύο
955 4255 1050 4309 vendit
1065 4273 1197 4326 campum
1211 4257 1243 4310 ιἰι
1256 4255 1363 4328 Ρρτρο.

380 4401 472 4481 ’[Τό
494 4405 748 4489 πρατήριον
772 4403 1006 4493 ἔγγραφον
1031 4405 1206 4492 Μιχαὴλ
1228 4417 1301 4472 τού
1324 4407 1539 4495 Πετρίτύη

295 4527 432 4610 χάριν
459 4535 535 4590 τού
565 4525 629 4599 είς
657 4528 732 4590 τόν
760 4524 936 4611 Πύργον
966 4533 1207 4616 χωραφίοο
1235 4541 1311 4594 τού
1340 4531 1541 4606 ἐπιλεγο-

297 4647 831 4732 μόνοοΚαλοριζίκοογ.
