3140 5284
308 281 369 344 188

304 495 361 562 ρια
388 477 445 537 καί
468 475 564 540 λοιπὰ
591 473 642 540 ἐπί
665 483 720 563 τής
745 475 910 560 βασιλείας
933 484 988 542 τοῦ
1016 473 1164 562 ἀοιδίμου
1188 475 1355 569 βασιλευς,
1376 483 1476 561 κυροῶ
1500 475 1557 541 Μα·

304 598 403 684 νουήλ
426 607 480 664 τοῦ
497 597 677 685 Κομνηνοό,
701 601 756 662 καί
779 594 866 684 εὗρεν
890 596 907 663 ό
931 599 1091 686 δηλυιδείς
1116 601 1259 685 μοναχῶς
1282 601 1317 664 τό
1341 607 1483 664 τοιοῦτον
1506 623 1557 685 χο

305 725 416 809 ρσίριον
446 718 533 794 ίντός
567 717 602 784 ἀν
630 729 690 786 τῶν
718 726 889 810 χῶραρίυν
926 733 981 808 τής
1010 721 1120 810 Βοίρης
1153 727 1209 788 καί
1236 727 1323 809 παρὰ
1357 733 1417 788 τῶν
1449 721 1558 788 ἀντιδε·

306 845 539 931 Πρινοβαριτῶν
563 849 734 931 νεμόμενον
759 847 878 930 βιαίως,
903 848 983 932 μετὰ
1007 847 1042 910 δὲ
1065 849 1189 912 πάντων
1213 857 1273 912 τῶν
1297 843 1356 912 ἀπό
1384 847 1439 933 τήν
1467 846 1558 932 Βοίρη

306 965 344 1054 ἦν
374 963 634 1053 ἀνακαλούμενος
662 972 719 1032 καί
743 965 820 1033 αὐτό
845 970 880 1032 τό
913 965 1136 1055 ἐπιλεγόμενον
1161 973 1325 1058 χυριίριον
1357 977 1412 1036 τοῶ
1437 969 1558 1034 Σπανοῡ

306 1087 348 1163 ὡς
372 1085 399 1154 δ’
426 1085 517 1157 οὐδὲν
541 1089 643 1178 ἤνυεν,
668 1091 824 1156 είσελδῶν
848 1090 881 1156 ἐν
905 1102 943 1178 τη
966 1093 1057 1156 πόλει
1080 1089 1097 1158 ό
1121 1093 1176 1180 τήν
1199 1093 1307 1181 Βοίρην
1332 1091 1375 1178 τῷ
1397 1096 1469 1157 τότε
1493 1114 1558 1178 κρα1

305 1225 365 1280 τῶν
395 1217 536 1300 μοναχῶς
566 1213 729 1302 ἀναφορὰν
759 1215 933 1301 ἐπυιήσατο
967 1220 1037 1302 περί
1063 1219 1202 1298 πάντων,
1238 1217 1323 1282 ἀλλὰ
1355 1216 1395 1303 δή
1422 1221 1481 1281 καί
1505 1221 1559 1300 περ

306 1345 361 1402 τυῶ
389 1339 531 1402 τοιούτου
558 1341 724 1426 χῶραρίου
746 1341 823 1425 πρὸς
847 1341 899 1404 τόν
929 1341 1176 1427 καθηγούμενον
1204 1349 1259 1428 τῆς
1287 1347 1385 1427 μονῆς
1409 1349 1467 1404 τοῦ
1490 1339 1559 1404 Παν

306 1465 511 1548 τοκροίτυρος,
535 1465 591 1526 καί
612 1461 647 1535 ὃς
670 1465 748 1550 πρὸς
763 1465 817 1528 τόν
834 1459 972 1546 βασιλέα
988 1466 1041 1528 τόν
1065 1460 1155 1544 ἅγιον
1178 1461 1348 1550 ἀνέδραμε,
1366 1467 1424 1528 καί
1448 1461 1559 1549 δρισμδ

306 1581 474 1670 δτορίσατο
497 1586 574 1670 πρὸς
598 1587 651 1649 τόν
676 1583 863 1670 ἐνεργοῦντα
886 1587 1015 1672 τότειτό
1039 1588 1196 1654 δουκείτον
1223 1593 1277 1652 τυδ
1301 1585 1488 1674 Θρακησίου
1511 1585 1559 1651 Κυ

297 1709 537 1795 ,ριακοδτζικοκ
563 1705 816 1805 ἀναψηλαρήσαι
838 1713 895 1776 καί
915 1718 1052 1798 τηρήσαι
1076 1711 1132 1798 τήν
1156 1719 1212 1776 τοῦ
1235 1714 1400 1799 χυραρίοο
1424 1707 1560 1776 δπόδεσιι

305 1837 361 1898 καί
388 1829 656 1918 ἀποκαταστῆσαι
684 1831 716 1897 ἐν
748 1828 834 1920 αὐτῷ
856 1835 909 1898 τόν
932 1833 1167 1919 δικαιούμενον,
1191 1831 1234 1908 ὡς
1257 1834 1293 1898 δὲ
1317 1831 1498 1921 ἀνεδήμησε
1519 1839 1560 1897 κα

305 1956 378 2030 τούς
401 1955 635 2042 Πρινοβαρίτας
660 1953 788 2021 εἵλκυσε
805 1957 912 2033 δεῖξαι,
940 1953 1024 2032 ὅπως
1047 1961 1223 2044 κατέχουσι
1238 1959 1274 2022 τό
1298 1957 1449 2044 δηλυδέν
1466 1961 1560 2044 χῶμά·

306 2101 375 2170 ριον
403 2078 424 2168 ή
452 2077 485 2156 ἐξ
514 2078 689 2166 ἀγορασίαις
719 2078 740 2168 ἢ
765 2078 802 2146 ἐκ
832 2080 1041 2167 παραδόσεως
1071 2081 1223 2168 δουιιικής
1247 2079 1267 2168 ἢ
1292 2079 1355 2146 ἀπό
1385 2091 1561 2168 χαριστικήι,

305 2203 326 2292 ἢ
350 2202 456 2277 ἄλλως
484 2201 527 2278 ῶς
551 2201 581 2268 οί
605 2207 798 2290 κατίχοντές
828 2225 896 2269 τινα
927 2202 1078 2291 ἀκίνητα,
1102 2203 1162 2270 οὐκ
1192 2200 1403 2292 ἠδυνήθησαν
1431 2201 1561 2281 δεῖξαιί

308 2329 482 2416 ἐμφανίσαι
509 2350 537 2391 τι
566 2329 728 2414 δικαίωμα
757 2328 804 2394 δι’
834 2322 927 2414 αυτῷ,
954 2325 1025 2392 ἀλλ’
1049 2325 1069 2415 ἢ
1094 2331 1180 2414 μόνιρ
1203 2327 1385 2413 δυναστικιρ
1406 2327 1453 2414 τῷ
1474 2333 1561 2414 τρόπιγ

306 2455 363 2516 καί
396 2453 484 2535 βιαία
511 2453 595 2537 χειρί
622 2449 781 2537 ἐκράτησε
809 2453 866 2516 καί
902 2449 1060 2538 ἐζημίωσε
1089 2452 1162 2526 τοός
1186 2451 1431 2538 Πρινοβαρίτας,
1460 2455 1515 2518 καί
1536 2449 1561 2537 ήι

310 2579 411 2662 ζητῶν
439 2579 495 2639 κοιί
523 2578 579 2647 τὰς
615 2577 824 2662 σονειοφοράς
852 2577 1075 2658 τοότοιοάτου
1103 2580 1278 2664 χυιραρίου,
1305 2579 1361 2642 καί
1386 2573 1562 2648 ἀποοπόσαγ

307 2707 400 2764 τοῦτο
425 2696 486 2763 ἀπὸ
511 2708 570 2762 τῶν
591 2697 825 2784 Πρινοβαριτῶν
848 2695 1003 2764 κάκεῖθεν
1026 2694 1140 2774 αὐτοὺς
1165 2697 1318 2776 ἐκδιῶξας
1334 2697 1562 2786 ἀποκατέστησε

307 2831 399 2890 τοῦτο
424 2821 467 2896 είς
491 2825 526 2887 τό
550 2822 698 2908 δηλωδίν
723 2825 839 2907 χωρίον
862 2822 918 2908 τήν
940 2820 1051 2909 Βοίρην
1074 2824 1130 2910 τήν
1154 2819 1212 2890 ἀπὸ
1236 2824 1290 2909 τήν
1315 2823 1412 2910 μονήν
1437 2825 1480 2908 tq}
1505 2827 1562 2888 τότε

307 2943 406 3013 οὖσαν
440 2955 494 3012 ποῶ
522 2945 801 3032 Παντοκροίτορος,
836 2954 889 3010 νῶν
912 2945 948 3010 δό
972 2942 1071 3011 οὖσαν
1105 2941 1163 3012 ἀπὸ
1187 2947 1243 3034 τήν
1279 2947 1449 3034 βασιλικήν
1478 2948 1562 3032 μονήν

307 3081 367 3136 τῶν
394 3069 540 3157 Λόμβιυν,
564 3073 621 3134 καί
648 3065 729 3155 ήμεν
758 3067 869 3133 ἔκτοτε
891 3071 1060 3155 νεμόμενοι
1083 3065 1161 3135 αότό
1186 3067 1281 3156 μίχρι
1303 3079 1358 3136 τοῦ
1381 3079 1443 3138 νῶν.
1469 3093 1562 3155 παρα-

307 3198 500 3282 τηρήσαντες
527 3193 563 3258 δὲ
590 3194 703 3278 καιρόν
734 3201 790 3279 τῆς
817 3200 872 3256 τοῶ
904 3194 1153 3280 καθηγουμόνου
1183 3189 1273 3281 ήμῶν
1308 3191 1491 3280 ἀποδημίας
1521 3191 1562 3278 (ήι

308 3323 370 3404 γὰρ
399 3313 490 3392 οὗτος
515 3315 687 3403 ἀποδημῶν
711 3315 765 3380 διό
784 3336 871 3388 τινας
895 3312 1074 3394 ἀναγκαίας
1097 3320 1153 3380 καί
1176 3313 1411 3405 ἀπαραιτήτους
1435 3327 1493 3404 της
1515 3339 1562 3404 μυ·

303 3405 363 3528 ἀής
398 3441 561 3520 δουλείας)
599 3440 767 3522 δυναστεία
804 3441 1005 3524 χρησάμενοι
1043 3437 1073 3504 οί
1111 3439 1337 3526 Πρινοβαρῖται
1374 3441 1562 3530 είσήλθοσαι

308 3563 457 3650 ἀνάρχυς
486 3567 566 3649 μετὰ
594 3565 743 3648 τοεαρίοιν
770 3560 828 3626 καὶ
863 3557 1012 3648 ἁρμάτων
1042 3559 1091 3628 ὅτι
1123 3563 1249 3630 πολλῶν
1278 3569 1334 3630 καί
1362 3570 1562 3651 κατίσπειραι

309 3691 390 3774 μετὰ
413 3699 472 3752 τῶν
497 3683 577 3752 ὅλων
602 3689 772 3771 ζευγαρίων
796 3694 850 3750 τοῦ
874 3689 992 3772 χωρίου
1016 3684 1047 3752 ἐν
1072 3683 1129 3772 μιᾷ
1153 3683 1258 3774 η’μόρογ
1280 3691 1315 3754 τό
1337 3689 1485 3776 δηλυδίν
1508 3711 1562 3775 χυ-

309 3817 431 3900 ροίριον.
456 3817 542 3878 ταῦτ’
568 3809 684 3898 ἔρησιν
709 3805 725 3872 ό
753 3809 888 3882 παλαιός
916 3809 1114 3901 χαμσκριιής
1142 3807 1272 3878 ἐνῶπιον
1296 3823 1356 3876 τῶν
1382 3813 1562 3900 Πρινοβαρι-

308 3947 379 4015 τῶν,
403 3933 485 4022 ήοαν
506 3937 542 3998 δὲ
565 3941 857 4020 αυμμαρτυροῶντες
880 3933 979 4017 τούτῳ
1006 3937 1062 3997 καί
1085 3931 1115 3998 οἱ
1138 3934 1243 4000 λοιποί
1266 3933 1401 4010 ἅπαντες
1423 3935 1562 4022 Βαρηνυί,

309 4058 340 4126 οἱ
362 4061 397 4124 δὲ
423 4058 546 4124 ἀνωθεν
568 4057 792 4142 Πρινοβαρῖται
815 4056 1045 4140 διιοχυρίζοντυ
1068 4059 1145 4142 πρὸς
1168 4067 1278 4137 ταῦτα,
1302 4057 1385 4145 ήοαν
1410 4060 1445 4125 δὲ
1469 4058 1562 4124 ἀπαν-

309 4207 360 4257 τες
387 4183 490 4263 λέγειν
516 4181 574 4268 μιᾷ
600 4191 703 4268 φωνή,
728 4173 776 4244 ὅτι
800 4180 834 4242 τὰ
859 4187 999 4244 τοιοῦτον
1023 4183 1186 4268 χῶράφιυν
1215 4181 1346 4268 οἴδαμεν
1369 4186 1428 4269 πρὸ
1452 4187 1562 4270 χρόνον

310 4315 439 4392 μακρῶν
466 4289 684 4392 συμπαροίκου
712 4299 801 4389 ἡμῶν
829 4299 909 4366 εἶναι
943 4311 998 4366 τοῦ
1028 4301 1253 4388 ἐπιλεγομένου
1281 4305 1416 4374 Σπανοῶ·
1443 4305 1482 4394 ἦν
1513 4311 1562 4392 γοίρ

308 4451 384 4494 ποτε
412 4441 451 4516 τη
481 4429 672 4516 Πρινοβοίρει
706 4428 861 4510 πάροικος
896 4422 1120 4512 ἐπιλεγόμενος
1149 4425 1286 4508 Σπανὸς,
1323 4425 1361 4518 ήν
1390 4430 1426 4494 δὲ
1453 4435 1562 4514 καίτγ·

308 4551 410 4638 Βάρει
434 4552 476 4638 τῷ
500 4549 583 4637 αὐτῷ
609 4549 741 4635 ὀνόματι
759 4551 915 4634 ποίροικος
939 4547 1147 4636 ἀκοόομενος,
1171 4549 1215 4626 ῶς
1239 4553 1275 4618 δὲ
1299 4563 1354 4642 της
1378 4563 1432 4626 τοδ
1456 4551 1562 4640 δνόμα·

309 4696 365 4748 τος
389 4679 497 4764 φήμης
522 4681 618 4760 μέσον
642 4675 698 4736 καί
722 4669 907 4758 ἀμφοτέρων
931 4683 990 4738 τῶν
1016 4683 1116 4759 μερῶν
1141 4672 1270 4744 ὲνὲτεοε
1294 4683 1351 4745 καί
1372 4675 1412 4765 ἠν
1434 4676 1451 4744 ὁ
1475 4679 1562 4754 λόγος
