3140 5306
355 817 446 899 111.†
470 815 730 904 Σεκρετική
755 811 1528 905 δικαίωσιςχοίρινὧνήδικείτοὴ

269 943 381 1029 μονή
420 945 499 1006 καί
536 942 982 1007 κατεδυναστεάιτο
1016 943 1138 1028 παρὰ
1175 949 1253 1006 τοῦ
1290 939 1530 1027 Κομνηνοῦ

266 1074 349 1131 τοῦ
371 1064 524 1153 Βρανῦ
548 1069 577 1146 †.

356 1193 376 1270 †
399 1187 439 1256 Οἱ
462 1187 494 1256 δν
519 1201 557 1276 τῇ
574 1191 736 1276 σεβασμίομ
760 1189 911 1278 βασιλικῇ
932 1199 1013 1277 μονῇ
1037 1199 1076 1276 τη
1093 1184 1175 1254 οὕτω
1189 1209 1257 1261 πως
1273 1185 1529 1274 έπονομαδομίνη

267 1323 327 1380 τῶν
361 1312 498 1400 Λέμβων
534 1310 764 1400 ένασκοιίμενοι
798 1317 936 1401 μοναχοί
970 1312 1061 1400 εἶχον
1092 1313 1220 1388 διένιξιν
1255 1307 1315 1377 οὐκ
1341 1308 1453 1398 δλίγην
1480 1313 1531 1376 καί

263 1429 424 1526 διαφοράν
448 1443 530 1523 μετά
553 1445 608 1502 τοῦ
633 1436 752 1504 οἰκείου
775 1437 819 1522 τῷ
840 1436 983 1524 κραταιηῖ
1011 1441 1069 1504 καί
1093 1435 1173 1522 άγίηι
1195 1431 1286 1524 ἡμῶν
1314 1431 1457 1520 αόδέντη
1479 1437 1530 1498 καί

266 1561 401 1646 βασιλεῖ,
423 1559 594 1647 Κομνηνυῦ
615 1571 715 1647 κοροῦ
729 1559 864 1648 Μιχαηλ
886 1569 941 1626 τοῦ
956 1560 1077 1646 Βρανά,
1102 1561 1154 1626 έπί
1182 1583 1245 1626 τισι
1268 1563 1389 1632 τοπίοις
1412 1559 1530 1623 διακει-

267 1689 374 1771 μένοις
402 1682 434 1751 ἐν
463 1696 502 1772 τῇ
530 1687 709 1769 τυποδεσίογ
736 1693 791 1750 τοῦ
815 1687 944 1771 κάμπου
972 1695 1028 1750 τοῦ
1051 1683 1300 1772 Μεμανιωμένου
1329 1679 1476 1770 δτίργοις
1500 1703 1530 1746 τι

266 1805 337 1872 οὖσι
362 1809 655 1894 καίνομαδιαίοις,
683 1813 740 1876 καί
767 1811 910 1874 τελοῦσιν
935 1806 993 1875 ὑπὸ
1018 1809 1072 1896 την
1095 1819 1156 1874 τῶν
1179 1807 1351 1874 Παλατίων
1369 1807 1528 1893 περιοχὴν,

264 1933 288 1998 ά
314 1933 354 2020 δὴ
384 1935 478 1998 τδπια
505 1933 679 2018 περιῆλθον
703 1944 741 2020 τη
766 1935 897 2019 τοιαίτη
921 1915 1084 2020 σιβααμίηΙ
1110 1943 1193 2020 μονῇ
1216 1933 1271 1998 διά
1294 1930 1530 2018 χρυσοβοδλλου

265 2066 321 2121 τοῦ
346 2055 493 2143 ἀοιδίμου
518 2055 674 2140 βασιλέως
690 2054 823 2138 ἐκείνου,
848 2064 945 2142 κυροῦ
969 2055 1113 2122 Ἰωάννου
1137 2065 1192 2122 τοῦ
1215 2054 1334 2134 Δοδκα,
1358 2053 1407 2144 ἐρ’
1433 2051 1531 2142 ᾦκαί

264 2177 372 2265 ίτερον
387 2179 639 2265 χρυσίβοολλσν
667 2177 792 2258 ἐγένετο
820 2189 860 2266 τη
889 2191 970 2266 μυνη
993 2183 1080 2265 παρὰ
1103 2188 1158 2246 τοῦ
1186 2189 1340 2266 κραταιοῦ
1362 2182 1421 2244 καί
1444 2175 1531 2257 άγίου

264 2298 354 2390 ἡμῶν
378 2297 537 2366 αδδέντου
559 2300 617 2368 καί
640 2304 807 2387 βασιλέως,
833 2299 912 2368 ὅθεν
935 2309 992 2369 καί
1015 2305 1092 2390 πρὸς
1115 2306 1151 2368 ιδ
1179 2305 1260 2369 καθ’
1283 2299 1369 2391 ἡμᾶς
1392 2300 1530 2386 ἀναδρα·

264 2427 379 2511 μάντις
403 2423 570 2508 βασιλικὸν
594 2427 800 2514 δικαστήριον
823 2430 863 2492 τὰ
885 2432 956 2514 περί
983 2429 1095 2494 τοῦτου
1124 2425 1313 2516 ἀνήνεγκαν,
1338 2427 1531 2515 έμρανίσαν-

265 2569 317 2621 τες
344 2544 497 2636 ἡμῖνκαὶ
521 2546 599 2637 ἅπερ
624 2549 668 2625 τίς
692 2552 859 2616 δικαίωσιν
888 2547 990 2618 αὐτῶν
1014 2548 1202 2640 ἐπεφέροντο
1231 2551 1457 2638 χρυσόβουλλα
1480 2552 1531 2614 καί

265 2669 360 2758 ἕτερα
384 2673 596 2760 δικαιώματα.
621 2675 782 2761 συνῆλθον
806 2676 842 2739 δέ
867 2677 918 2740 έπί
940 2677 1040 2761 τούτῳ
1064 2679 1121 2740 καί
1136 2673 1292 2762 ἄρχοντες
1316 2675 1530 2761 συγκλητικοὶ,

267 2794 301 2861 οἵ
315 2819 350 2862 τι
374 2795 485 2864 οἰκεῖοι
514 2799 557 2884 τῷ
579 2800 721 2885 κραταιῷ
746 2803 803 2864 καί
826 2797 907 2884 ἁγίῳ
927 2795 1019 2886 ἡμῶν
1043 2795 1184 2885 αὐθέντῃ
1208 2803 1266 2864 καί
1289 2795 1463 2882 βασιλεῦδ
1486 2795 1531 2862 έτί

267 2929 323 3008 της
339 2925 506 3009 τραπέζης,
529 2929 589 3008 κῦρ
611 2921 747 3008 Μιχαηλ
769 2921 896 2996 Δοῦκας
919 2919 937 2987 δ
960 2921 1250 3010 Φιλανθρωπηνδς,
1274 2919 1292 2988 ὁ
1314 2923 1530 3006 πανσέβαστος

264 3047 406 3132 πραίτωρ
433 3053 489 3111 τοῦ
512 3045 626 3132 δήμου,
651 3043 668 3110 δ
692 3043 840 3132 Ῥιμψᾶς,
869 3043 886 3111 δ
910 3043 1078 3132 Κομνηνός
1101 3053 1161 3132 κῦρ
1181 3045 1347 3132 Θεόδωρος
1376 3042 1392 3111 δ
1415 3044 1531 3126 Ἀγγε-

262 3170 335 3247 ιλος,
363 3171 420 3233 καί
448 3169 503 3234 σὺν
531 3171 654 3242 τούτοις
681 3165 783 3254 ἕτεροι
811 3168 965 3243 πλείονες.
995 3171 1035 3234 τά
1058 3177 1190 3234 τοιαῦτα
1213 3173 1315 3235 τοίνυν
1331 3170 1533 3255 δικαιώματα

263 3296 354 3378 μετά
377 3303 489 3378 χεῖρας
517 3292 669 3375 λαβόντες
691 3287 783 3378 ἡμεῖς
811 3295 867 3360 καί
895 3287 1140 3372 δπαναγνδντις,
1162 3295 1382 3379 συμπαρόντος
1400 3297 1459 3358 καί
1481 3299 1532 3356 τοῦ

268 3415 378 3502 Βρανά
406 3417 463 3481 καί
491 3413 748 3502 ἀντικρινομένου
783 3427 847 3490 τοῖς
875 3427 1043 3502 μοναχυῦς,
1072 3411 1204 3502 εδρομιν
1232 3417 1268 3482 τὰ
1298 3417 1532 3503 χροσόβουλλον

267 3549 326 3604 τοῦ
349 3545 506 3623 κραταιοῦ
529 3543 585 3603 καί
609 3535 703 3619 ἁγίου
725 3535 815 3626 ἡμων
839 3533 998 3605 αόδίντσυ
1020 3544 1077 3606 καί
1102 3539 1258 3624 βασιλέως
1280 3541 1357 3626 πρὸς
1381 3553 1446 3613 τοῖς
1469 3535 1533 3606 έτί-

236 3721 242 3732 ,
271 3685 338 3748 ραις
367 3659 415 3735 οἷς
443 3661 638 3748 διελάμβανε
672 3665 729 3726 καί
757 3665 809 3728 τὸν
837 3661 1068 3762 τοῦιᾰοιδίμου
1097 3664 1254 3748 βασιλέως
1277 3663 1411 3742 έκείνου,
1443 3669 1534 3749 κυροῦ

269 3785 416 3852 Ἰωάννου
444 3792 500 3849 τοῦ
522 3785 641 3864 Δοῦκα,
665 3787 905 3873 χρυσόβουλλον
933 3787 1040 3869 λόγον,
1070 3785 1237 3873 ἐπικυροῦν
1263 3791 1320 3853 καί
1350 3789 1386 3852 τδ
1407 3791 1534 3872 στέργον

266 3910 359 3996 Υἔχειν
388 3912 444 3973 καί
470 3906 722 4001 άπαράγραπτον
746 3906 831 3998 αὐτῷ
853 3914 1079 3998 χαριζόμενον,
1104 3913 1157 3976 τδν
1181 3911 1217 3975 δέ
1241 3931 1277 3990 γι
1301 3911 1533 3997 χρυσίβυυλλον

271 4041 327 4098 τοῦ
345 4030 492 4118 ἀοιδίμου
517 4033 684 4117 βασιλέως,
701 4044 799 4120 κυροῦ
823 4033 968 4100 Ἰωάννου
991 4043 1047 4100 τοῦ
1063 4035 1181 4117 Δυῦκα,
1206 4029 1339 4121 εὕρομεν
1363 4039 1420 4100 καί
1444 4031 1533 4100 αὐτὸν

266 4145 533 4243 διαλαμβάνοντα
561 4161 641 4243 μετὰ
672 4168 732 4222 τῦιν
760 4156 881 4238 ἄλλων,
916 4155 995 4245 άπερ
1024 4155 1213 4247 ἀριέρωνται
1240 4169 1279 4246 τῇ
1308 4169 1391 4247 μονῇ
1418 4161 1534 4226 καὶτὰ

268 4283 358 4345 κατὰ
385 4281 441 4366 την
475 4289 530 4344 τοῦ
557 4285 687 4368 κάμπου
715 4289 770 4346 τοῦ
804 4279 1055 4369 Μεμανιωμένου
1082 4283 1278 4350 τυποθεσίαν
1308 4279 1366 4348 ὑπὸ
1393 4284 1448 4371 την
1479 4293 1535 4348 των

142 4415 144 4420 ’
274 4403 443 4470 Παλατίων
471 4406 624 4493 περιοχὴν
660 4409 740 4493 μετὰ
768 4411 825 4472 καί
858 4417 917 4470 τῶν
945 4407 1077 4472 δικαίων
1106 4403 1222 4486 αὐτῶν,
1251 4411 1365 4474 κοπίσιν
1393 4407 1536 4496 δηλονότι

273 4523 416 4614 δτέργων
443 4531 500 4594 καί
528 4529 737 4615 νυμαδιαίων,
772 4527 816 4604 ὣς
843 4527 1009 4618 ὀφείλουσι
1036 4533 1092 4596 καί
1121 4538 1221 4596 ταῦτα
1247 4533 1334 4618 παρὰ
1361 4539 1417 4618 τῆς
1444 4538 1537 4617 μονῆς

275 4649 478 4736 κατέχεσθαι
506 4656 561 4717 καί
588 4653 818 4732 δεσπόίεσδαι,
848 4657 886 4719 τά
910 4657 965 4720 καί
987 4657 1230 4741 περιοριζδμινα
1262 4658 1347 4722 κατὰ
1375 4655 1429 4741 τήν
1451 4653 1534 4739 περί-
