3228 5296
271 222 315 286 44

271 416 463 501 τροπύλεως,
492 422 546 479 τού
574 411 718 500 Ληστού,
755 411 904 500 ἁνῆκειον
933 412 968 476 δέ
996 415 1054 476 καί
1082 409 1142 488 ἔξω
1174 419 1230 499 τῆς
1263 412 1444 498 πρεπούσης
1479 419 1553 482 τοῖς

272 536 365 624 ἱεροῖς
388 533 557 622 εὐλαβείας
580 539 637 601 καί
658 539 889 613 καταστάσεως
911 547 950 624 τῆ
975 533 1123 620 βασιλεία
1146 557 1207 622 μου
1230 544 1322 601 τούτο
1347 534 1446 613 ἔδοξε,
1472 533 1552 598 διο-

272 665 391 747 ρίζεται
417 661 471 725 διὰ
499 669 554 747 τῆς
581 647 743 748 παρούσης
770 662 984 746 προστάξεως,
1013 658 1262 746 ἀνατεθειμένον
1290 657 1371 722 εἶναι
1399 653 1478 722 αὐτὸ
1504 667 1552 743 τῇ

271 782 434 870 οεβασμία
457 791 537 872 μονῆ
562 793 621 847 τῶν
644 782 782 869 Λίμβων
806 795 844 870 τῆ
870 782 981 870 ἀρτίως
1006 782 1273 870 ἁνακαινιίομένη
1295 785 1384 868 παρὰ
1404 791 1459 868 τῆς
1481 783 1553 864 βα-

269 909 395 981 σιλείας
420 929 480 994 μου
503 907 827 993 καίοίκονομείσθαι
854 917 946 972 τούτο
971 906 1014 980 εἴς
1042 929 1076 972 τε
1104 907 1178 981 τούς
1206 910 1317 980 θείους
1344 901 1460 992 ύμνυυς
1487 907 1553 968 καί

270 1033 329 1106 τὰς
364 1031 611 1118 ἱεροεελεστείοις
645 1034 701 1095 καί
729 1031 785 1117 την
819 1031 997 1118 λυχναψίαν
1025 1033 1081 1094 καί
1114 1032 1169 1117 την
1203 1031 1314 1116 λοιπῆν
1342 1040 1448 1093 πᾶσαν
1473 1026 1551 1092 έπε-

270 1156 402 1241 μέλειαν
430 1159 516 1240 παρὰ
551 1161 606 1220 τοῦ
640 1157 891 1241 καθηγουμένου
925 1163 981 1241 τῆς
1010 1151 1107 1242 αὐτῆς
1135 1163 1248 1240 μονῆς,
1284 1162 1340 1218 πυύ
1368 1152 1553 1239 ἀρχιερέως

239 1279 240 1284 ’
269 1288 328 1367 τῆς
357 1277 537 1365 ἁγιωτάτης
567 1279 791 1365 μητροπόλεως
815 1277 959 1366 Σμύρνης
982 1276 1163 1367 έρείλοντυς
1188 1277 1275 1364 ἔχειν
1299 1281 1354 1363 την
1379 1273 1552 1363 ἀναφορὰν

269 1401 329 1469 καὶ
357 1407 456 1490 μόνην
485 1402 518 1466 έν
545 1415 614 1475 ταῖς
642 1405 749 1476 θείαις
779 1400 1021 1488 ἱεροτελεστίαις
1054 1406 1111 1466 καί
1144 1402 1253 1466 πλεῖον
1281 1402 1396 1487 μηδὲν,
1426 1402 1552 1474 καθὼς

272 1522 462 1615 ὑπεμνήσθη
489 1524 510 1616 ἡ
540 1527 688 1612 βασιλεία
716 1547 786 1612 μου.
817 1524 915 1612 είάθη
944 1534 1036 1590 τούτο
1064 1523 1144 1590 εἶναι
1173 1523 1346 1610 έλεύθερον
1372 1527 1429 1589 καὶ
1455 1527 1552 1609 παρὰ

273 1661 328 1716 τοῦ
353 1650 579 1737 ἀνεγείραντος-
597 1647 674 1716 αύτύ
699 1649 928 1738 ἁνυφάντορος,
956 1659 1012 1714 τού
1034 1649 1256 1732 πανσεβάστου
1280 1649 1439 1733 σεβαστού
1461 1669 1550 1734 προ-

271 1778 463 1862 καθημένου
485 1775 631 1862 Σμύρνης
653 1781 750 1860 κυρού
773 1772 933 1858 Γεωργίυυ
959 1781 1014 1838 τού
1040 1769 1239 1859 Μονομάχου
1267 1765 1448 1861 ὀφείλοντος
1476 1795 1551 1837 τα-

273 1899 426 1984 ραθούναι
448 1902 526 1986 πρὸς
547 1894 643 1964 αέτόν
665 1901 701 1962 τύ
724 1907 867 1963 τοιοῦτον
889 1893 1054 1984 εύκτηριον
1078 1899 1159 1983 μετὰ
1180 1901 1288 1984 πάσης
1311 1906 1367 1984 τῆς
1388 1907 1550 1984 περιοχῆς

270 2017 370 2088 αὐτού
393 2027 449 2088 καί
473 2033 533 2087 τῶν
556 2023 655 2107 τούτῳ
679 2023 900 2111 διαφερόντων.

358 2151 379 2226 †
409 2144 606 2233 Εἴχετο·
637 2142 1551 2233 μηνίύκτωβρίιρίνθικτιωνοςπρύτης

271 2269 323 2335 δι’
354 2269 561 2356 έρυθριύν
589 2273 872 2357 γραμμάτων
901 2278 979 2357 τῆς
1007 2269 1266 2357 βασιλικῆς
1293 2273 1372 2334 καί
1398 2271 1549 2344 θείας

271 2395 434 2481 χειρός
467 2398 498 2474 †.

270 2728 353 2810 11.†
380 2727 436 2797 Τὸ
463 2727 563 2795 καθ’
593 2726 790 2816 ὁρισμὸν
819 2731 1073 2815 βασιλικὸν
1109 2731 1305 2826 γεγονύς
1339 2729 1549 2814 παραδο-

272 2856 402 2919 τικόν
452 2857 640 2940 γράμμα
689 2855 826 2941 χάριν
877 2862 954 2918 τού
1006 2859 1234 2940 μειοχίοο
1281 2861 1357 2918 τού
1404 2850 1549 2931 ἁγίου

270 2977 507 3064 Γεωργίου
542 2985 619 3041 τοῦ
653 2975 1027 3067 Ἐξωκαστρίτου
1065 2973 1147 3043 ύπό
1185 2986 1263 3042 τού
1300 2979 1548 3064 προκαθη-

272 3106 410 3187 μένου
456 3110 533 3188 τῆς
579 3100 789 3188 Σμύρνης
833 3105 1166 3186 πανσεβὰστου
1212 3109 1353 3188 κυρού
1398 3099 1547 3186 Γεωρ-

608 3231 710 3306 γίου
745 3235 821 3291 τοῦ
857 3225 1142 3311 Μονομάχου
1176 3229 1205 3306 †.

358 3387 377 3464 †
405 3381 488 3468 Μηνὶ
522 3385 676 3470 νοεμβρίῳ
705 3389 793 3470 τρίτη
829 3381 935 3472 ἡμέρα
963 3385 989 3449 δ’
1017 3385 1068 3450 ἐπὶ
1102 3389 1261 3470 παρουσία
1288 3393 1348 3448 τῶν
1376 3385 1546 3471 κληρωτῶν

270 3515 325 3572 τού
350 3528 382 3570 τε
407 3506 579 3594 Ζωγράρου
600 3517 697 3594 κυρυύ
718 3507 826 3586 Ξένου,
851 3517 906 3574 τού
924 3510 1066 3594 μεγάλου
1090 3509 1307 3594 οακελλαρίου
1323 3517 1420 3594 κυρού
1443 3507 1546 3574 Κων-

271 3634 433 3695 σταντίνου
461 3638 516 3695 τού
549 3629 754 3717 Βαρυπάτου,
789 3640 845 3696 τού
873 3643 1006 3718 νομικυύ
1037 3631 1202 3699 Νικολάου
1235 3639 1291 3696 τού
1326 3629 1544 3717 Συροπούλου,

271 3765 326 3821 τοῦ
348 3758 563 3842 περιποθήτου
587 3758 806 3842 συμπενθερού
831 3765 885 3822 τού
913 3767 1068 3842 κραταιοῦ
1097 3761 1152 3822 καί
1181 3734 1273 3836 ἁγίου
1300 3753 1389 3843 ἡμῶν
1417 3751 1546 3820 αὐθέν-

270 3901 324 3944 του
352 3884 408 3944 καί
436 3879 592 3963 βασιλέως
620 3887 717 3965 κυροῡ
745 3877 883 3954 Λέοντος
912 3889 966 3946 τού
992 3879 1129 3968 Βοτέρη,
1159 3887 1214 3946 τού
1237 3883 1459 3966 πανσεβάστου
1484 3903 1545 3946 σε·

271 4005 390 4088 βασευύ
413 4012 511 4090 κυρού
534 4001 687 4089 Μανουὴλ
710 4007 766 4068 καί
788 4001 902 4088 ἁτέρων
924 4009 956 4084 †.

358 4132 379 4208 γ
402 4127 611 4215 Ἔνεχείρισεν
632 4123 705 4215 ἡμῖν
725 4123 742 4192 ὁ
762 4131 999 4202 πανοσιύτατος
1015 4131 1264 4216 καθηγούμενος
1286 4139 1342 4216 τῆς
1360 4132 1544 4214 σεβασμίοις

271 4253 438 4340 βασιλικῆς
451 4263 554 4340 μονῆς
569 4262 626 4339 τῆς
644 4248 823 4338 ἁτεράγνου
839 4255 1040 4339 θεομῆτορος
1056 4263 1116 4318 των
1132 4251 1273 4340 Λέμβου,
1291 4257 1434 4342 μοναχύς
1450 4263 1543 4340 κύρις

269 4375 457 4463 Γεράσιμος,
482 4381 570 4443 θείαν
594 4375 651 4442 καὶ
672 4377 839 4462 βασιλικὸν
854 4380 1070 4464 προσκυνητόν
1091 4375 1220 4464 ὁρισμὸν
1245 4381 1320 4444 τάδε
1343 4382 1428 4444 κατὰ
1452 4374 1544 4466 βῆμα

270 4501 499 4586 διοριίίμενον·
516 4503 583 4567 ίιτεί
600 4499 643 4576 ως
660 4497 850 4590 ύπιμνῆσθη
867 4509 925 4569 eto.
944 4509 979 4569 υί
993 4521 1090 4590 supra
1104 4501 1136 4567 in
1149 4503 1355 4571 antecedente
1366 4503 1542 4591 diplomate

271 4643 371 4710 usque
393 4621 435 4689 δι’
454 4625 648 4712 ἑρυθρων
671 4630 936 4712 γραμμάτων
958 4637 1031 4714 τῆς
1054 4627 1292 4712 βασιλικῆς
1313 4631 1386 4692 καί
1407 4631 1540 4700 θείας
