3190 5284
266 275 335 334 ·82

294 474 348 528 τοῦ
371 463 495 542 Πωλέα,
521 461 619 549 ἤγουν
641 471 695 530 τοῦ
720 461 787 527 οίοδ
812 460 909 528 αότυό
933 471 987 526 τοῦ
1012 461 1121 548 Θωρά,
1147 459 1368 546 ἀντνυχλήτως
1384 461 1488 542 πάντη
1513 463 1568 521 καί

295 587 354 662 ἔξω
377 590 482 673 πάσης
511 586 623 664 αίτίας,
649 585 666 649 ό
690 587 729 672 δὴ
754 593 900 674 κρίσιμον
930 590 1060 672 γράμμα
1088 587 1173 662 τάξιν
1198 583 1313 670 ἐπέχον
1343 585 1566 670 σημειώματος

294 689 474 798 όπυγράφὲν
497 713 584 796 παρὰ
608 720 668 776 τῶν
692 708 795 776 ἐκείσε
824 713 1071 796 παρατυχόντων
1092 707 1213 796 ἀνδρῶν
1238 710 1501 794 χρησιμωτάτων,
1529 704 1566 768 δι’

295 833 472 920 ἀσφάλειαν
495 840 551 902 καί
575 831 810 921 ἀνενοχλησίαν
835 828 947 900 αὐτῶν.
974 831 1040 898 ἐπεὶ
1064 834 1099 898 δέ
1124 837 1273 918 συνεργία
1298 841 1455 919 τατανικῇ
1480 825 1565 916 ἠδί-

190 944 198 965 ’
294 960 389 1045 λησεν
414 956 430 1022 ό
455 959 572 1044 Θωμᾶς
596 963 652 1023 καί
677 956 693 1024 ό
717 956 854 1046 ἀδελφός
880 953 977 1022 αότυό
1005 955 1163 1042 Γειόργιυς
1192 955 1292 1042 ίερεός
1325 960 1383 1020 καί
1410 951 1430 1041 ἡ
1460 958 1565 1040 μήτηρ

294 1079 393 1147 αὐτῶν
423 1084 605 1148 καταλῦσαι
632 1086 667 1148 τό
695 1084 885 1162 παλαιγενές
915 1080 1074 1168 ἔγγραφον
1103 1089 1157 1144 τυό
1184 1083 1303 1164 πατρός
1332 1074 1449 1155 αὐτῶν,
1481 1075 1564 1142 ἀλλὰ

293 1205 332 1292 δὴ
362 1210 419 1270 καί
454 1207 509 1291 την
538 1217 702 1285 γεγονυῖαν
726 1210 828 1291 κρίσιν
858 1203 891 1270 ἐν
920 1215 957 1290 τη
985 1201 1092 1290 ἡμέρα
1125 1211 1180 1268 τοό
1209 1201 1353 1290 Συργαρη
1389 1205 1478 1286 παρὰ
1507 1212 1564 1266 τῶν

294 1334 478 1414 κρειττόνων
513 1329 745 1395 οὶκοδεσποτων
779 1337 834 1394 τυό
870 1331 988 1414 χωρίου
1017 1323 1129 1404 αὐτῶν,
1166 1330 1221 1392 καί
1253 1323 1493 1413 ἠνεγκλητευσε
1528 1329 1565 1388 τά

295 1463 426 1517 τοιαῦτα
450 1451 565 1518 ίλαίκὰ
589 1452 704 1536 δένδρα
728 1451 772 1526 είς
797 1453 986 1538 τὴνκορίαν
1013 1449 1114 1518 αότίίν
1138 1453 1193 1536 την
1217 1446 1446 1537 εόγενεστότην
1471 1450 1562 1534 Κομ-

293 1579 388 1662 νηνην
412 1579 465 1662 την
490 1576 678 1662 Βράναιναν,
702 1573 769 1662 ἥτις
791 1573 849 1640 καὶ
872 1575 1042 1642 ἀκούσασα
1065 1576 1120 1660 τήν
1146 1573 1282 1660 αίσχράν
1306 1573 1485 1661 ίνόόμησιν
1511 1579 1566 1640 καί

295 1699 490 1786 ἐπιχείρησιν
514 1709 568 1764 τοῦ
593 1701 692 1786 Θωμᾶ
715 1705 771 1765 καί
794 1707 849 1765 τοῦ
874 1697 1016 1788 ἀδελφοῦ
1033 1693 1130 1764 αὐτοῦ
1153 1698 1314 1784 Γεωργίυυ
1337 1697 1460 1785 ἱερέως,
1485 1695 1564 1788 ἠδέ·

292 1825 373 1910 λησε
396 1835 640 1911 κατακρατηυαι
669 1829 708 1890 τό
732 1833 864 1889 τοιαῦτα
888 1822 1004 1890 ὲλαίκὰ
1027 1823 1155 1909 δένδρα,
1181 1821 1367 1910 ἀναδραμὸν
1389 1825 1424 1888 δέ
1449 1827 1509 1888 καί
1530 1827 1564 1888 τό

293 1951 389 2035 μέρος
413 1957 468 2011 τοῦ
492 1947 699 2030 Βωλυβόντου
714 1953 790 2033 πρός
814 1950 869 2034 την
894 1949 1095 2032 δηλωδεῖσαν
1117 1947 1297 2032 Βράναιναν
1318 1952 1374 2012 καί
1391 1946 1564 2013 ἀκούσασα

292 2069 459 2158 αότηκόως
482 2075 522 2136 τὰ
545 2077 632 2158 παρὰ
656 2081 715 2136 τῶν
739 2072 795 2136 δόυ
820 2082 923 2158 μερῶν
946 2071 1193 2158 προβαλλόμενα
1213 2075 1269 2138 καί
1287 2071 1403 2137 ἰδοῦσα
1425 2075 1485 2134 καί
1510 2065 1565 2134 αό-

292 2200 362 2280 τυψί
389 2201 445 2260 καί
473 2199 512 2260 τᾶ
539 2197 716 2280 παλαιγενῆ
744 2196 948 2282 δικαιώματα
975 2203 1030 2260 τοό
1059 2193 1267 2278 Βωλοβόντυυ
1296 2195 1562 2278 διωρίσατυκρι-

291 2321 390 2404 θῆναι
411 2324 466 2382 καί
489 2321 593 2396 πάλιν,
617 2317 715 2405 ἤγουν
737 2321 789 2384 τόν
813 2319 941 2404 Θωμᾶν,
966 2321 1018 2383 τόν
1043 2319 1181 2408 άδελρόν
1206 2313 1313 2394 αὐτοῦ,
1337 2320 1393 2382 καί
1416 2319 1473 2400 τὴν
1500 2339 1562 2402 μη-

292 2445 367 2526 τέρα
396 2439 497 2508 αὐτῶν
527 2449 607 2528 μετά
636 2451 691 2508 τοῦ
721 2449 835 2530 μέρους
862 2453 916 2508 τοῦ
939 2443 1161 2526 Βωλυβόντου,
1189 2442 1275 2508 ἔνθα
1301 2445 1358 2509 καί
1382 2442 1562 2524 βούλονται,

292 2561 308 2628 ό
333 2565 368 2628 δέ
393 2585 429 2646 γε
453 2567 569 2651 Θωμᾶς
593 2569 787 2644 κατεδέξατο
811 2575 903 2632 τοότυ
926 2572 982 2632 καί
1007 2565 1103 2644 ἄκων,
1129 2565 1164 2640 δς
1186 2571 1243 2632 καί
1270 2569 1329 2652 πρό
1346 2573 1413 2636 ’τοῦ
1442 2567 1562 2650 κριθη-

294 2709 345 2752 ναι
369 2691 522 2777 ίτρόγησε
540 2696 578 2755 τά
602 2687 778 2778 άμιρίμαχα
801 2693 882 2756 δέκα
905 2693 1021 2777 δένδρα
1044 2691 1170 2768 ὲλαῑιό,
1194 2692 1365 2773 δυναστεία,
1386 2693 1561 2776 χρώμενος.

296 2811 464 2878 άκυόσασα
489 2823 562 2894 γοῦν
587 2819 697 2879 τούτου
721 2811 740 2902 ἡ
765 2819 858 2900 κυρία
883 2812 979 2880 αότυᾶ
1007 2821 1063 2880 καί
1088 2816 1235 2900 μεγάλως
1258 2815 1457 2900 βαρυνθεῖσα
1484 2811 1561 2876 ἀπί-

292 2941 412 3022 πεμιρεν
447 2933 541 3002 αὐτόν
575 2943 742 3026 κριθῆναι,
778 2939 796 3004 δ
824 2942 879 3004 καί
905 2944 1069 3026 πεποίηκε.
1105 2943 1295 3042 κατὰὶγοόν
1324 2939 1379 3024 τὴν
1411 2941 1560 3024 σήμερον,

291 3057 359 3145 ἥτις
394 3062 460 3125 έστί
496 3064 768 3148 πεντεκαιδεκάτη
804 3071 859 3126 τοῦ
888 3059 1062 3148 όκτωβρίυυ
1090 3065 1188 3149 μηνός
1216 3071 1272 3148 τῆς
1299 3071 1352 3126 νόν
1380 3063 1559 3146 τρεχοόσης

292 3185 431 3271 δεκάτης
454 3184 528 3263 ίνδ.,
556 3191 699 3273 παρίστη
729 3183 745 3250 ό
767 3185 894 3270 Θωμᾶς,
924 3184 940 3251 ό
972 3183 1170 3273 αότοίδελιρυς
1193 3183 1300 3261 αὐτοῦ,
1324 3187 1379 3248 καί
1407 3180 1427 3268 ἡ
1453 3186 1559 3270 μήτηρ

292 3303 393 3370 αὐτῶν
410 3307 442 3370 ἐν
466 3310 509 3394 τῷ
534 3307 639 3394 χωρίῳ
663 3318 717 3374 τοό
742 3309 936 3396 Παναρέτοο,
960 3315 1017 3374 καί
1040 3309 1339 3394 προσκαλεσάμενοι
1354 3306 1427 3380 πυός
1454 3307 1558 3372 όκεῑυε

228 3469 232 3476 -
291 3429 522 3504 οὶκοδεσπότας
547 3434 619 3506 τυός
643 3438 699 3498 καί
722 3435 794 3498 κατ’
821 3430 922 3518 ὄνομα
951 3435 1100 3498 κάτοιδεν
1127 3432 1432 3518 δηλωδησυμένυος,
1462 3435 1558 3516 παρέ-

290 3572 349 3636 στη
382 3553 417 3616 δὲ
445 3559 501 3620 καί
530 3558 564 3618 τό
594 3560 688 3640 μέρος
716 3567 770 3621 τοό
798 3555 1005 3639 Βωλυβόντυυ
1034 3553 1255 3641 ἀντικριόῆναι
1287 3553 1354 3640 μετ’
1381 3549 1495 3618 αὐτῶν.
1524 3558 1557 3616 τό

289 3675 324 3738 δέ
353 3696 389 3755 γε
419 3681 512 3763 μέρος
541 3686 594 3742 τοῦ
622 3679 721 3764 Θωμᾶ
757 3677 951 3745 άπεντείίόεν
981 3679 1136 3766 ἔφασκεν,
1172 3681 1215 3766 μη
1245 3679 1325 3746 εἶναι
1353 3681 1393 3742 τά
1424 3677 1557 3763 χαρτῴα

289 3799 491 3885 δικαιώματα
514 3810 568 3864 τοῦ
585 3800 708 3866 ἄνωθεν
725 3803 928 3890 δηλωόίντυς
950 3804 1069 3887 πατρίδα1
1086 3797 1184 3868 αὐτοῦ
1208 3802 1329 3889 ἀληθῆ,
1354 3799 1438 3868 ἀλλὰ
1457 3803 1556 3887 ψευδῆ

289 3921 352 3987 είσί
377 3945 410 3986 τε
433 3928 489 3987 καί
515 3927 644 4008 μάταια.
675 3925 705 3991 υί
732 3927 768 3990 δέ
797 3948 833 4007 γε
862 3924 1084 4005 οίκοδτσπόται
1113 3923 1259 4003 ἅπαντες,
1287 3925 1410 3998 ἰδόντες
1435 3930 1478 3990 τὰ
1506 3926 1555 3990 δι-

286 4051 457 4131 καιώματα
485 4057 538 4112 τυό
568 4053 680 4135 μέρους
709 4059 764 4114 τοῦ
792 4049 1015 4132 Βωλυβόντυυ,
1045 4046 1129 4114 ἀλλὰ
1155 4051 1195 4137 δη
1223 4055 1280 4118 καί
1306 4052 1362 4136 τὴν
1387 4061 1554 4130 γεγονυῖαν

285 4175 387 4256 κρίσιν
410 4175 495 4257 παρὰ
520 4183 578 4237 τῶν
602 4173 736 4240 ἐποίκων
760 4179 879 4259 χωρίου
902 4169 1073 4259 Αόρηλίου,
1099 4174 1209 4252 ἔλεγον
1227 4185 1343 4248 Ικακῶς
1371 4176 1477 4254 λέγων
1503 4177 1554 4238 τόν

284 4295 400 4380 Θωμᾶν
423 4301 479 4360 καί
502 4299 537 4359 τό
562 4302 656 4382 μέρος
680 4295 787 4374 αὐτοῦ,
813 4294 855 4370 ὣς
878 4295 1007 4362 δικαίαν
1029 4293 1127 4362 υόσαν
1151 4299 1205 4383 την
1228 4303 1331 4384 κρίσιν
1355 4302 1410 4362 καί
1432 4303 1472 4364 τό
1496 4319 1552 4378 γε-

284 4421 375 4494 γυνός
398 4421 587 4497 παλαιγενές
611 4421 769 4508 ἔγγραρυν
792 4425 880 4507 παρὰ
902 4429 957 4485 τοῦ
980 4423 1098 4508 πατρός
1121 4429 1176 4484 τοῦ
1204 4421 1313 4506 Θομᾶ.
1341 4421 1468 4486 πολλόν
1498 4417 1550 4485 υόν

281 4541 383 4618 λόγων
412 4543 612 4626 λεγχόίντων
641 4541 727 4608 εἶπον
755 4548 811 4609 καί
833 4544 926 4610 πάλιν
953 4547 1029 4630 πρός
1053 4545 1105 4608 τόν
1130 4544 1256 4630 Θωμᾶν,
1282 4541 1330 4610 ὅτι
1354 4546 1441 4620 δέξαι
1463 4543 1547 4631 ἆρο-

281 4665 392 4744 ρισμόν
412 4666 497 4746 παρὰ
521 4673 575 4728 τυό
604 4664 783 4752 ἀρχιερέως,
814 4666 857 4739 ιδς
885 4663 943 4730 οὐκ
971 4664 1031 4731 είσί
1058 4669 1097 4730 τά
1127 4665 1273 4755 ἔγγραρα
1301 4665 1427 4752 ἀληθῆ,
1458 4665 1544 4732 ἀλλὰ
