3228 5296
287 247 314 312 X

289 439 364 504 319.
381 436 457 506 (lod.
475 436 708 518 ooxuxvltt:
731 443 803 522 ‚3est
818 437 919 506 oodsx
931 435 1198 522 membranaceus,
1214 441 1365 521 cenetens
1381 435 1468 504 foliis
1483 439 1558 518 258,

286 560 408 629 saeeuli
428 559 507 642 XIII,
530 560 665 648 optimae
689 565 781 627 notne
802 568 897 648 atque
919 558 1120 643 characteris,
1142 559 1249 626 multis
1271 559 1377 643 aureis
1390 558 1508 628 litteris
1521 579 1561 628 an

288 684 523 766 venustioribus
543 684 732 754 ornamentis
751 684 932 769 insignitus.
958 682 1113 752 habentur
1128 683 1161 748 in
1177 703 1215 750 eo
1235 682 1412 770 diplomate
1426 682 1515 752 neria
1529 691 1561 748 ot

287 807 457 896 privilegia
470 805 504 872 iu
519 805 654 892 gratim
676 808 932 874 monasteriorum
949 805 1174 874 Sanotissimae
1200 806 1356 892 Deiparae
1368 827 1399 874 ⁴a
1413 806 1560 893 Prompto

290 930 415 1015 Auxilio
430 931 464 996 im
478 929 607 1016 regione
620 929 828 998 Demetriadis
844 937 874 998 et
887 929 1086 998 Venerabilis
1097 927 1436 996 Prseeursorisilorne
1448 927 1560 998 Petrae

287 1052 322 1120 in
337 1051 493 1121 territorio
508 1052 753 1135 Druamubaiuis,
770 1071 830 1119 nee
845 1071 908 1118 mon
924 1051 1050 1118 nhartne
1067 1051 1280 1128 donationum,
1297 1049 1514 1119 venditionum
1528 1058 1563 1118 et

287 1175 418 1250 similia,
439 1196 521 1264 quae
537 1196 556 1242 a
571 1175 811 1262 possessoribus
826 1175 919 1245 simul
940 1175 1048 1243 emula
1062 1174 1207 1242 ordinata
1221 1181 1255 1242 st
1267 1175 1302 1242 iu
1316 1193 1413 1240 unum
1428 1173 1563 1242 oolleota

287 1298 489 1387 postmodnm
507 1299 579 1386 ipsa
598 1298 810 1385 imperatoris,
839 1319 898 1366 neo
916 1318 979 1364 nou
1001 1297 1202 1386 patrierohee
1223 1295 1562 1384 constantinopolitani

286 1441 380 1488 mauu
399 1420 580 1507 subscripta
598 1421 696 1491 fuere.
717 1421 828 1508 quenti
853 1420 1019 1488 leniendus
1039 1420 1157 1488 sithiu
1176 1419 1289 1502 eonor,
1312 1429 1425 1488 nerunt
1444 1418 1562 1488 eruditi

287 1563 407 1628 omnes,
428 1545 482 1632 qui
499 1543 703 1631 diplomatum
726 1553 928 1631 veterumque
951 1543 1128 1614 chartarum
1149 1543 1316 1612 utilitatem
1338 1543 1372 1608 im
1391 1542 1490 1610 rebus
1506 1541 1560 1610 lri·

285 1667 411 1748 storieis
427 1675 491 1734 tum
507 1667 648 1753 profanis
660 1671 730 1734 'tum
745 1665 974 1735 ecelesiasticis
990 1687 1052 1734 une
1067 1684 1121 1734 ore
1137 1665 1372 1753 depraedicant
1387 1663 1470 1732 illud
1485 1684 1560 1732 rere

285 1789 420 1856 maxime
440 1788 624 1867 dolendum,
644 1789 736 1858 initis
762 1811 855 1878 quam
878 1790 1012 1877 plurima
1033 1789 1246 1878 diplomatum,
1269 1809 1349 1878 quse
1369 1787 1564 1856 monumentis

286 1912 437 1982 desorata
456 1921 555 1991 erant,
572 1932 708 1992 amaon,
732 1912 868 1980 sortasse
883 1913 1009 2002 puerili,
1025 1914 1126 1982 renisa
1141 1911 1241 1980 fnisse
1256 1933 1316 1980 mee
1330 1932 1393 1978 non
1407 1911 1564 1998 pleraque

287 2034 364 2102 lolia
378 2035 510 2122 turpiter
523 2035 635 2102 anulos
650 2041 745 2121 atque
761 2035 910 2118 laterata,
932 2035 1016 2104 unde
1031 2036 1148 2104 laetum
1163 2043 1220 2117 est,
1246 2043 1282 2104 nt
1296 2055 1417 2122 paneas
1433 2032 1565 2100 elrartse

286 2157 427 2242 integrae
451 2156 577 2224 omnino
600 2157 771 2243 supersint.
799 2157 1010 2244 preemittltur
1029 2158 1110 2226 sotis
1139 2157 1235 2224 index
1257 2155 1433 2226 uberrimus
1453 2175 1564 2224 eorum

285 2281 433 2360 omnium,
449 2301 532 2366 quoe
551 2279 661 2348 nodioe
680 2279 934 2358 continebantur,
953 2279 985 2347 iu
1000 2299 1064 2368 quo
1079 2287 1111 2346 et
1124 2279 1197 2366 ipss
1213 2299 1337 2371 quoqne
1353 2279 1564 2366 diplomatum

285 2401 379 2470 initia
397 2401 576 2469 afferuntur.
601 2402 701 2472 hioin
717 2401 799 2470 dnae
821 2402 917 2472 veluti
940 2411 1048 2490 partae
1068 2401 1274 2490 dispesoitur:
1298 2403 1332 2470 in
1348 2403 1449 2489 prima
1469 2411 1564 2490 perte

288 2525 426 2604 chartae,
442 2525 611 2612 priuilegia
633 2533 728 2612 atque
744 2525 919 2612 diplomata
936 2533 1121 2613 eaeteraqne
1136 2525 1252 2595 similia
1267 2525 1404 2614 propriis
1421 2525 1565 2592 numeris

286 2647 451 2734 titulisque
479 2647 630 2718 distinete
652 2656 868 2730 tenementum
895 2649 930 2718 in
952 2647 1093 2720 seeundo
1107 2669 1181 2718 vero
1203 2647 1450 2725 dinumerantur,
1474 2667 1564 2734 quse

246 2799 248 2804 ·
287 2769 369 2862 eliis¹
386 2771 504 2840 inserta
519 2777 602 2852 sumt,
630 2779 665 2838 ot
681 2791 799 2838 nexum
825 2769 990 2857 quemdem
1005 2779 1102 2858 atque
1116 2770 1354 2844 unanimitatem
1373 2770 1567 2858 perimerent

283 2903 317 2960 et
350 2891 576 2984 praecedentis
613 2908 683 2960 oum
718 2893 925 2980 sequentibus
955 2892 1195 2979 eomiungerent,
1235 2913 1275 2964 ne
1305 2893 1467 2978 egregium
1497 2893 1566 2960 hoo

284 3035 366 3102 opus
385 3015 561 3104 disruptum
587 3023 621 3084 et
644 3013 885 3101 incompositum
910 3015 1078 3085 videretur.
1103 3016 1137 3082 in
1157 3015 1219 3084 fine
1240 3014 1340 3085 habes
1359 3015 1564 3102 imperatoris

284 3146 317 3208 ot.
333 3137 530 3224 patrisrehee
556 3137 829 3224 subscriptionem,
858 3145 890 3204 et
916 3135 1026 3204 eodem
1051 3137 1127 3206 lolio
1153 3138 1263 3204 ultimo
1283 3158 1373 3206 verso
1395 3147 1446 3206 eet
1461 3159 1565 3206 aurea

251 3297 253 3300 ·
284 3260 417 3341 tabells,
449 3260 482 3328 in
514 3281 578 3347 que
603 3261 708 3348 pietus
738 3261 876 3328 oernitur
906 3281 945 3327 ex
971 3280 1034 3328 una
1059 3267 1150 3347 parte
1180 3259 1316 3348 Ioesaph
1351 3261 1563 3342 Maliasemus,

283 3403 322 3450 ex
340 3383 437 3451 altera
454 3403 527 3449 uero
543 3384 634 3451 Anna
648 3382 872 3468 Palaeologina
889 3389 920 3450 et
935 3381 1073 3450 medium
1088 3381 1237 3450 intereos
1253 3383 1487 3464 monasterium,
1506 3387 1564 3452 oui

283 3504 496 3591 supereminet
516 3507 551 3572 82
570 3507 706 3575 loannes
716 3505 935 3574 Praeoursor.“
955 3506 1028 3594 eius¹
1043 3503 1182 3574 tabellae
1198 3507 1357 3594 exemplar
1373 3505 1446 3574 vide
1469 3509 1564 3596 apud

283 3627 429 3694 Pasinum
444 3649 518 3715 pag.
535 3629 610 3696 362.
1208 3697 1210 3702 ,

370 3751 407 3819 lu
429 3749 490 3817 luno
505 3757 613 3822 nostra
635 3750 773 3818 editione
797 3750 972 3838 diplomata
982 3749 1172 3832 recudimus,
1196 3771 1277 3838 quae
1292 3751 1428 3820 Peninus
1443 3753 1565 3839 uulga-

282 3874 335 3953 uit,
361 3891 431 3943 oum
451 3871 618 3960 exemplari
646 3872 814 3958 diligenter
833 3873 960 3952 oollam
987 3881 1111 3942 nestore
1141 3895 1159 3940 e
1189 3873 1299 3950 oodioe
1325 3894 1421 3952 manu
1447 3885 1565 3946 nostra

282 3995 508 4096 deeoripeimus
531 4003 563 4064 et
583 4014 669 4062 nuno
689 3995 819 4082 primum
839 3995 872 4061 in
892 3995 993 4064 luoem
1017 3996 1195 4064 emittimus.
1219 3995 1486 4064 introductionem
1516 4000 1564 4066 il-

281 4119 357 4201 lios,
383 4120 440 4207 qui
471 4119 609 4191 oodioem
639 4119 794 4197 ooudidit,
824 4126 856 4186 et
876 4118 1162 4206 ,praelatluuoulas
1194 4139 1274 4206 quae
1303 4119 1442 4207 singulis
1473 4126 1564 4192 antis

281 4244 534 4328 praemittuntur,
567 4241 742 4323 omisimus,
767 4241 848 4306 nihil
877 4241 960 4306 enim
982 4241 1157 4324 sentiment,
1183 4241 1267 4328 qood
1297 4242 1450 4312 historiae
1476 4246 1564 4317 iltu-

280 4365 429 4434 etrnudae
455 4366 614 4434 inserviat
644 4383 699 4430 eas
725 4383 798 4440 vero
826 4362 969 4441 notitiae,
993 4383 1071 4430 saus
1096 4383 1230 4451 pauens,
1255 4386 1338 4451 quae
1363 4366 1405 4434 de
1433 4371 1564 4441 familia

281 4491 442 4574 κτητόρων
465 4488 721 4566 monasteriorum
736 4493 768 4554 et
788 4485 828 4555 de
848 4493 990 4562 notorum
1013 4487 1121 4574 speeie
1149 4497 1261 4585 egunt,
1282 4489 1353 4556 loeo
1374 4499 1563 4576 opportuno

282 4607 481 4686 inseruimus.
508 4610 670 4686 emisimus
697 4609 790 4688 etiam
810 4607 948 4677 indicem
968 4607 1237 4690 dooumemterum,
1266 4609 1369 4678 oodiel
1396 4616 1565 4698 praemis-
