3140 5306
272 249 336 311 232

268 442 380 524 χρόνον
408 447 464 524 τῆς
490 434 587 524 ἕκτης
613 438 804 512 ἰνδικτιιῑινος
833 452 1045 525 κατακαμεῐν,
1075 439 1112 526 ἣν
1140 441 1220 528 δῆτα
1250 442 1366 526 μορτὴν
1388 439 1449 506 καὶ
1475 438 1537 504 αἶν-

267 563 321 634 θις
350 559 428 647 ἐλέῳ
452 565 610 648 χρώμενοι
638 561 668 626 οἱ
692 568 827 649 μοναχοί
854 572 910 649 τῆς
937 570 1097 650 πτωχείας
1130 559 1218 650 ἡμῶν
1240 561 1353 641 ἕνεκα,
1388 565 1538 630 σίνθοπὲ-

267 690 404 770 στρεψαν
428 687 543 770 ταύτην
566 688 641 770 πρὸς
664 682 759 772 ἡμᾶς,
788 691 844 750 καί
869 685 930 752 ἀπὸ
954 695 1008 750 τοῦ
1031 695 1085 750 νῦν
1112 691 1168 751 καί
1193 687 1236 756 εἷς
1256 691 1309 752 τόν
1333 685 1462 752 ἅπαντα
1488 687 1536 752 αἰ-

267 819 332 872 ῦινα
360 803 422 893 οὐχ
454 806 565 894 ἕξομεν
593 806 641 874 ἐπ’
672 806 784 882 ἀδείας
819 809 1088 875 ἀνακαλὲσοισθαί
1115 833 1144 874 τι
1171 809 1232 876 ἀπὸ
1267 821 1326 876 τῶν
1358 811 1536 898 εἰρημένων

216 957 219 966 ·
266 935 445 1019 χωραφίων.
482 929 510 994 εὶ
537 933 564 995 δ’
593 929 662 1008 οὗν,
691 943 730 1018 τη
752 931 911 1020 ἐμφανεία
938 942 992 1018 της
1014 935 1176 1022 καρούσης
1200 931 1416 1021 ὑποσχετικης
1442 933 1534 1021 ημῶν

268 1063 401 1142 γραφῆς,
426 1052 472 1142 ἐφ’
501 1053 547 1128 οἷς
575 1053 613 1120 ἂν
640 1059 697 1120 καί
729 1058 999 1144 πρυβαλλιίιμεθα,
1035 1055 1072 1122 οὐ
1107 1059 1149 1144 μή
1185 1057 1533 1145 εἰσακουσθησόμεθα,

269 1177 353 1242 ἀλλὰ
377 1182 432 1242 καί
458 1176 501 1250 ὡς
526 1181 783 1265 ἀποπεμπόμενοι
811 1179 967 1266 ἄπρακτοι
990 1185 1045 1246 καί
1070 1180 1169 1268 ζημίη
1192 1179 1408 1266 ὑποπεσοῦμεν
1435 1180 1531 1266 ὑπερ-

264 1303 366 1386 πύρων
390 1300 577 1387 τριακοσίων
600 1305 629 1380 †.
779 1335 798 1378 ρ

354 1425 517 1514 γΜηνὶ
550 1429 782 1512 νοεμβρίιρ
816 1425 860 1490 ’ἐν
897 1447 961 1511 Ιςω
990 1429 1190 1513 δευτίριρ
1225 1427 1319 1494 ἔτει
1352 1426 1437 1494 ίνδ.
1467 1425 1530 1510 ἑβ-

266 1553 411 1637 ὃόνιε
444 1555 473 1631 †·
1080 1651 1082 1656 Ι

352 1671 441 1754 †‘0
475 1676 698 1746 ταπεινὰς
733 1671 887 1758 ἱερεὺς
921 1680 999 1738 καί
1037 1677 1231 1760 νομικὸς
1268 1684 1346 1740 τοῦ
1384 1673 1526 1741 αὐτοῦ

264 1804 447 1884 χωρίου,
487 1797 839 1871 Κωνσταντῐνος
873 1795 890 1862 ὃ
924 1797 1116 1874 Μαννός,
1151 1809 1390 1884 μαρτυρῶν
1424 1796 1525 1864 ὑπὲ-

266 1927 383 2008 ιναί
451 1926 481 2002 †·

350 2043 428 2125 †‘0
452 2047 672 2117 ταπεινὸς
695 2043 916 2130 Ἰωάννης,
940 2043 1096 2130 ἱερεὺς
1119 2047 1196 2110 καί
1223 2047 1422 2129 νρμικός
1452 2053 1527 2110 τοῦ

264 2165 404 2232 αὐτοῦ
428 2173 611 2254 χωρίου,
639 2165 656 2234 ὁ
683 2166 939 2254 Μαρμαράς
967 2178 1204 2254 μαρτυρῶν
1229 2165 1472 2254 ὑπέγραψα
1496 2173 1524 2246 †.

325 2359 454 2426 CXLVI.
473 2362 700 2432 6761-1253.
718 2381 824 2426 mense
839 2359 989 2441 ianuario,
1007 2359 1071 2426 ind.
1089 2359 1140 2426 XI.
1158 2367 1189 2428 υί
1205 2313 1467 2444 [ῦ769-1261],

603 2483 765 2550 mensibus
778 2483 858 2549 maio
875 2494 906 2550 οι
921 2483 1021 2572 aprili,
1040 2483 1105 2550 ind.
1122 2483 1172 2551 IV.

436 2631 615 2686 Ποκαιίοκισ
626 2633 727 2704 saetae
741 2633 913 2686 οιοιιαυίιτίο
929 2651 949 2686 α
961 2634 1237 2709 ρτοιουροιιανίίίυεα
1251 2630 1345 2690 Irene.

350 2783 496 2865 λγΤό
520 2781 1520 2872 δωρεαστικόνγράμματήςπανυπιρσεβά-

262 2911 896 2997 στηςχάριντοῦχυιραφίου
924 2908 1426 2994 τοῦκαίπλησίοντῆς
1450 2907 1519 2972 Πε-

261 3036 502 3117 τριείίνης
526 3039 602 3095 τοῦ
626 3027 1516 3125 ἐντητυποθεσίορόντοςτυῦᾌσάνηγ.

347 3158 368 3235 †
394 3155 476 3239 Θείιρ
510 3159 567 3218 καί
602 3155 757 3238 βασιλικῷ
793 3155 999 3241 πρυσκονητιρ
1034 3152 1157 3240 ὁρισμῷ
1188 3162 1243 3218 τοῦ
1277 3163 1434 3242 κραταιοῦ
1466 3155 1519 3216 καί

261 3275 353 3355 ἁγίου
380 3273 469 3364 ἡμῶν
496 3273 653 3342 αὖθίνιου
681 3281 737 3342 καί
760 3275 915 3360 βασιλέως
942 3279 1172 3362 παρεδόθησαν
1194 3273 1267 3363 ἡμῖν
1290 3280 1440 3364 χωράφια
1461 3297 1517 3340 κα-

260 3402 386 3484 ματηρὰ
407 3404 493 3485 παρὰ
516 3409 571 3466 τοῦ
595 3399 848 3485 Φραγγοποῦλου
872 3397 993 3466 ἐκείνου
1015 3403 1072 3466 καί
1099 3409 1322 3486 γραμματικοῦ
1345 3409 1401 3488 τῆς
1426 3398 1515 3479 ἁγίας

258 3517 357 3586 ἀὐτοῦ
381 3522 554 3604 βασιλείας,
578 3527 634 3588 καί
661 3520 808 3610 ὲνίμονεο
834 3491 908 3608 παρ’
931 3519 1030 3610 ἡμῶν.
1060 3520 1126 3588 ἐπεί
1149 3523 1185 3586 δὲ
1208 3528 1264 3588 καί
1287 3521 1304 3588 ὁ
1326 3527 1511 3604 πανευγενὲ-

259 3665 373 3716 στατσς
401 3645 602 3730 σύγγαμβρος
631 3653 685 3709 τοῦ
708 3655 860 3731 κραταιοῦ
887 3649 944 3710 καί
967 3642 1059 3725 ἁγίου
1082 3641 1170 3732 ἡμῶν
1195 3641 1351 3714 αιἰθέντου
1376 3651 1433 3712 καί
1456 3647 1509 3728 βα-

259 3767 382 3845 σιλίως,
410 3775 469 3852 κῦρ
496 3765 630 3854 Μιχαὴλ
657 3765 674 3832 ὁ
703 3767 835 3846 Φυκᾱς,
859 3765 979 3854 ὁρισμῷ
1000 3769 1207 3856 προσκυνητῴ
1234 3769 1385 3856 εἰσῆλθεν
1421 3769 1453 3832 ὲν
1480 3777 1513 3850 τη

259 3893 436 3975 ποποθεσίυρ
469 3903 508 3977 τη
543 3901 598 3956 τοῦ
625 3889 747 3978 Ἀσοὶνη
783 3891 990 3978 ἐπιλεγομένη
1019 3904 1058 3978 τῇ
1089 3895 1222 3978 πλησίον
1257 3903 1316 3958 τῶν
1350 3897 1513 3980 χωραρίυν

258 4011 356 4101 ἡμῶν,
379 4015 577 4100 παραδοῦναι
599 4017 675 4100 πρὸς
698 4016 753 4100 την
778 4017 944 4101 βασιλικὴν
968 4017 1065 4102 μονην
1089 4025 1143 4102 τῆς
1168 4011 1339 4102 ὁπεραγίας
1362 4019 1513 4082 θεοτίκου

259 4148 314 4224 τῆς
337 4137 579 4225 Λεμβιωτίσσης
602 4143 751 4228 χωράφια
775 4139 820 4212 εἰς
843 4143 879 4206 τὰ
901 4142 1059 4236 νέμεσθαι
1081 4149 1180 4206 ταῦτα
1203 4141 1257 4226 τήν
1281 4136 1435 4228 ῥηθεῖσαν
1459 4161 1511 4224 μυ·

258 4263 324 4350 νην,
347 4263 474 4350 ἔφθασε
499 4263 534 4327 δὲ
558 4257 617 4328 οὐκ
641 4262 700 4328 οἶδ’
724 4260 807 4335 ὅπως
828 4264 1028 4348 παραδοῦναι
1043 4267 1119 4348 πρὸς
1143 4265 1196 4350 τὴν
1222 4260 1319 4350 αὐτὴν
1342 4266 1440 4350 μονὴν
1461 4263 1510 4325 καί

258 4383 320 4450 ἀπὸ
348 4397 408 4452 τῶν
436 4391 615 4472 νεμομένων
642 4393 715 4473 παρ’
748 4383 837 4473 ἡμῶν
866 4390 1035 4473 χωραφίων
1063 4389 1225 4473 χωράφιον
1257 4386 1508 4472 ίδιυπεριάριστον

256 4511 389 4596 πλησίον
418 4519 473 4596 τῆς
500 4509 723 4597 Πετριτίήνης,
749 4507 824 4576 ὧσεί
852 4509 967 4596 μοδίων
991 4513 1146 4596 τυγχάνον
1175 4513 1211 4576 τὸ
1239 4519 1380 4576 τοιοῦτον
1408 4509 1510 4596 χωρά·

259 4654 328 4720 φιον
352 4635 497 4718 μεγάλων
525 4637 770 4719 τεσσαράκοντα,
796 4631 852 4698 καὶ
875 4631 990 4718 ἤρξατο
1013 4635 1170 4718 νέμεσθαι
1186 4643 1279 4698 τοῦτο
1301 4630 1322 4720 ἡ
1347 4635 1438 4719 μονὴ,
1459 4625 1509 4694 οὐκ
