3168 5274
280 261 347 326 ³⁶⁴

280 455 337 518 καί
352 447 522 538 ὑπόμνημα
543 449 748 530 ἐξαιτοῦνται,
773 453 809 516 τό
825 449 1021 538 αότοκρατίς
1044 453 1100 516 καί
1116 443 1349 517 αότοδέσποτον
1372 453 1427 516 καί
1441 453 1543 536 πάντη

282 574 518 664 ἀνεπηρέαστον
541 579 597 642 καί
613 572 782 661 ἐλεύθερον
806 576 905 662 ταότη
932 576 1190 662 περιποιοόμενον
1214 571 1252 640 ἐκ
1279 584 1339 684 ηῶν
1363 573 1544 661 ἔμπροσθεν

281 701 492 786 δρασσόμενοι
521 707 575 764 τοῦ
598 707 728 785 καιροῦ,
752 695 796 772 ῶς
811 697 858 763 ’ἂν
882 700 925 786 μὴ
949 704 1181 786 παρεσχηκότος
1209 694 1227 763 ό
1251 697 1432 784 μετάμελος
1455 695 1544 763 έλεό-

282 827 373 890 οεταί
399 843 475 888 ποτε
503 818 647 907 ὕστερον,
682 823 732 886 διό
758 826 816 887 καί
837 823 1056 909 προσέδραμον
1091 833 1130 910 τῇ
1158 819 1237 888 καθ’
1271 818 1358 910 ἡμας
1381 817 1544 908 άηιιυτάτη

280 949 380 1032 ταότη
405 946 531 1032 μεγάλη
561 953 615 1010 τοῶ
649 947 730 1010 θεοῦ
758 942 926 1033 ἐκκλησία,
961 949 1017 1011 καί
1044 947 1079 1011 τό
1106 947 1206 1032 παρόν
1234 942 1406 1033 ὑπόμνημα
1433 943 1543 1032 ἒξητη·

277 1089 392 1152 σαντα,
427 1072 644 1154 γενναιότερον
682 1066 983 1154 ἀντιπαλαρῶμενοι
1019 1079 1060 1157 τη
1098 1077 1153 1135 τοῦ
1192 1073 1309 1156 χρόνου
1346 1069 1543 1155 κακοσχόλη)

280 1189 374 1281 ῥοπῇ.
399 1198 429 1259 τί
452 1201 527 1274 γοῦν
550 1192 601 1258 ἐπὶ
620 1195 744 1268 τούτοις
765 1191 787 1283 ἡ
810 1199 975 1282 μετριότης
994 1191 1098 1282 ἡρῶν;
1122 1189 1393 1280 ὁπεραποδίχετοιι
1415 1195 1544 1266 τούτους

280 1327 336 1384 τοῦ
360 1316 525 1405 εἰρημένου
549 1325 671 1382 σκοποῦ
694 1321 750 1384 καί
773 1327 829 1406 τῆς
851 1328 996 1406 χρηστῆς
1018 1322 1233 1406 προαιρέσεως
1258 1321 1315 1384 καί
1341 1319 1426 1384 τέλει
1450 1315 1545 1384 δι’διυ-

278 1459 341 1522 σιν,
376 1438 456 1527 ἅπερ
479 1439 654 1528 ᾐτήσαντο,
677 1445 735 1508 καί
757 1441 930 1527 διορίζεται
963 1439 996 1508 έν
1025 1439 1104 1528 άγίιρ
1127 1443 1293 1530 πνεύματι,
1328 1442 1454 1528 μηδένα
1487 1451 1545 1506 τῶν

277 1563 672 1654 ἁπάντονπαραποιῆσαί
699 1588 729 1631 τι
752 1575 812 1632 τῶν
837 1563 989 1632 ἐνταυθοῖ
1012 1571 1252 1654 γεγραμμένον,
1279 1565 1307 1630 εί
1330 1567 1372 1652 μή
1397 1566 1546 1648 βοόλετιιι

280 1685 298 1755 ό
321 1693 360 1754 τὰ
383 1691 427 1778 τῷ
448 1688 518 1774 θεηῐ
541 1687 742 1778 ἀριεροιμένα
766 1689 805 1756 όκ
828 1691 946 1777 ταότης
969 1691 1008 1777 δη
1033 1699 1090 1778 τῆς
1112 1697 1346 1776 πατριαρχικῆς
1367 1697 1471 1778 μονῆς
1491 1697 1544 1754 τοῦ

278 1817 382 1900 τιμίου
414 1815 578 1900 προρητου
611 1813 792 1899 προδρόμου
826 1822 882 1902 της
916 1811 1003 1886 Νέας
1037 1812 1163 1899 Πέτρας
1197 1811 1346 1880 ἀποσπῶν
1381 1812 1425 1897 τῷ
1459 1816 1545 1898 παρὰ

276 1945 340 2004 τῶν
368 1938 466 2018 ἁηίυν
492 1941 635 2024 πατέριον
662 1935 881 2026 έκριονηθίντι
903 1948 1080 2012 κανονικῶς
1103 1939 1254 2026 φρικῶδει
1281 1935 1450 2026 ἀρσρισμηῐ
1472 1936 1545 2004 έαο·

276 2063 332 2128 τόν
352 2061 615 2145 καθυποβάλλειν
637 2064 694 2126 καί
716 2062 760 2146 τερ
785 2042 902 2146 αἰῶνίιρ
925 2066 1007 2148 πυρί,
1031 2059 1074 2136 ῶς
1102 2065 1152 2126 τά
1165 2071 1221 2128 τοῦ
1243 2065 1323 2128 θεοῦ
1350 2073 1467 2129 κοινῶν
1490 2065 1545 2126 καί

278 2196 388 2273 χεῖρας
409 2184 596 2269 ἐπιβάλλων,
621 2182 654 2250 έν
678 2182 725 2257 οίς
748 2185 878 2252 δέδοται
899 2189 955 2250 καί
979 2188 1119 2259 ἀνοσίοις
1141 2186 1246 2268 ἔρροις
1270 2185 1448 2272 ἐπιχειρῶν,
1473 2183 1546 2271 ὅπερ

277 2307 331 2374 ἵνα
354 2309 397 2396 μή
422 2311 527 2397 συμβη
551 2330 611 2376 τινι
634 2319 693 2374 τῶν
718 2306 873 2390 ἁπάντων,
897 2311 1178 2397 διοβεβαιοόμεθα
1203 2316 1334 2390 πάντας,
1357 2313 1393 2376 τό
1417 2311 1544 2396 εἰρημέ-

279 2451 333 2498 νον
357 2433 414 2498 έάν
442 2437 655 2521 μοναστήριον
677 2435 909 2520 πατριαρχικόν
933 2443 988 2500 τοῦ
1011 2433 1203 2521 Προδρόμου
1227 2443 1283 2521 της
1309 2433 1397 2506 Νέας
1419 2434 1544 2519 Πέτρας

276 2559 315 2622 τό
339 2555 371 2621 ἐν
395 2558 437 2642 τῷ
459 2554 525 2643 όρει
548 2566 603 2644 της
625 2556 880 2644 Δρυανουβοιίνης
903 2557 952 2624 λπί
975 2567 1030 2645 τῆς
1053 2559 1229 2646 δεδομένης
1253 2555 1337 2644 αὐτῷ
1358 2557 1544 2643 ἐλευθερίας

276 2681 440 2754 παντελῶς
455 2685 512 2744 καί
528 2679 732 2757 έεκουσοείας
752 2683 878 2755 τελείας
901 2705 934 2746 τε
958 2686 1013 2746 καί
1038 2679 1173 2756 ἀνόσους
1195 2687 1252 2748 καί
1275 2683 1374 2770 μηδέν
1398 2680 1544 2748 ἀποσπᾶν

276 2814 339 2870 τῶν
353 2807 641 2892 προοαρμοσιίντῶν
658 2816 696 2893 τη
716 2807 846 2892 τοιαύτη
870 2807 1032 2892 σεβασμίη
1053 2816 1266 2894 πατριαρχιιιη
1291 2817 1372 2892 μονῇ
1389 2815 1447 2872 τοῶ
1464 2805 1544 2890 Προ-

274 2929 398 3016 Ιδρόμου
421 2938 477 3016 τῆς
491 2928 579 3003 Νέας
599 2928 723 3015 Πέτρας
738 2933 825 3014 παρὰ
849 2939 909 2996 τῶν
926 2924 1089 3016 ῥηθέντων
1109 2933 1269 3016 κτητόρῶν
1290 2927 1387 2996 αὐτοῦ
1408 2939 1471 2994 τῶν
1492 2953 1544 3016 με·

276 3053 459 3133 ηαλοηενῶν
475 3053 649 3136 βασιλικῶν
663 3063 852 3138 προσγενῶν,
869 3062 1071 3138 τρισευηενῶν
1084 3053 1270 3140 Κομνηνῶν,
1291 3061 1350 3117 εοό
1365 3075 1400 3118 τε
1414 3051 1544 3118 Μαλια-

279 3185 378 3262 σηνοό
393 3179 452 3262 κῶμ’
462 3175 629 3243 Νικολάου
643 3187 700 3242 τοῶ
712 3175 878 3256 Ἀγηέλου,
894 3181 950 3242 καὶ
964 3185 1022 3262 τῆς
1038 3179 1171 3263 συμβίου
1188 3171 1294 3258 αὐτοῦ,
1311 3185 1410 3262 κυράς
1425 3176 1544 3261 Ἀννης

278 3298 451 3388 Κομνηνῆς
472 3299 652 3386 Δουκαίνης
674 3297 933 3386 Παλαιολοηίνης
957 3310 1013 3388 τῆς
1035 3299 1257 3388 Μαλιασηνῆς,
1280 3311 1340 3366 τῶν
1364 3296 1427 3386 οόχ
1451 3296 1544 3386 ηττυν

275 3426 363 3490 κατὰ
388 3424 493 3511 ψυχὴν
522 3433 727 3508 τρισευηενῶν
754 3421 776 3512 ἢ
804 3428 889 3490 κατὰ
913 3435 1020 3510 σῶμα,
1050 3422 1120 3490 ἀλλ’
1142 3422 1196 3490 ἵνα
1218 3429 1276 3490 καί
1297 3425 1472 3511 κατάδηλα
1496 3423 1543 3509 εἴη

276 3549 384 3634 νεάτη
411 3548 598 3634 δηλῶθείοη
627 3550 788 3635 σεβασμίη
814 3560 1031 3636 πατριαρχικη
1066 3539 1148 3636 μονῇ
1182 3558 1236 3616 ταῶ
1272 3548 1462 3636 Προδρόμου
1489 3557 1543 3633 τῆς

277 3669 365 3745 Νέας
392 3669 515 3756 Πάτρας
542 3676 832 3758 προσκεκυριυμένα
858 3675 1021 3759 κτήματα,
1050 3668 1120 3738 κατ’
1146 3669 1247 3759 ὄνομα
1271 3675 1315 3758 τῷ
1345 3675 1479 3758 παρόντι
1512 3671 1544 3737 ί-

278 3797 446 3882 ηράρηστιν
470 3789 670 3882 ὑπομνήματι
685 3805 741 3883 τῆς
763 3791 853 3884 ἡμῶν
870 3799 1075 3882 μετριότητος
1102 3801 1158 3862 καί
1180 3793 1244 3884 ἤδη
1269 3797 1421 3884 οτιχηδόν
1439 3794 1542 3872 ἐξετέ-

272 3920 400 4006 θηοαν,
435 3918 535 3984 άκαί
559 3917 688 4005 ίχουοιν
712 3915 825 3994 οόιῶς·
860 3921 895 3986 τό
919 3917 952 3995 ie
987 3916 1163 4006 ἀγορασίαις
1185 3921 1355 4005 περιελθὸν
1389 3917 1543 4006 ἀμπέλιον

277 4050 333 4108 ευά
358 4040 521 4128 Μαρτίνοο
548 4044 584 4106 τὸ
612 4039 645 4106 ίν
672 4053 712 4129 τη
734 4043 912 4127 τοποθεσίορ
938 4047 994 4108 καί
1016 4055 1152 4130 περιοχῇ
1176 4053 1231 4109 τοῶ
1254 4043 1444 4110 Βελεστίνου
1468 4045 1540 4110 δια-

273 4170 424 4252 κείμενον
458 4163 515 4232 καὶ
540 4167 736 4252 ποσοόμενον
771 4163 818 4240 είς
852 4164 1098 4253 ὁλοκοτιναρέαν
1131 4164 1363 4254 ἁλμυριιοτικην
1392 4173 1477 4253 μίαν.
1508 4171 1542 4231 τό

267 4288 324 4363 εἰς
347 4291 403 4376 τήν
426 4283 524 4377 αὐτην
547 4291 744 4356 τοποθεσίαν
764 4293 821 4355 καί
843 4291 977 4377 πλησίον
1002 4284 1098 4358 αὐτοῦ
1122 4288 1277 4378 άμπέλιον
1298 4289 1466 4358 Νικολάου
1489 4301 1542 4354 τοῦ

277 4411 399 4500 Βάρδα,
434 4411 467 4488 ἐξ
495 4411 675 4500 ἀηορασίας
698 4417 755 4480 καί
782 4409 860 4479 αὐτό
896 4411 940 4487 εἱς
968 4410 1212 4501 όλοκοτιναρέαν
1246 4418 1454 4502 ποσοόμενον.
1490 4415 1543 4500 τίρν

279 4537 408 4624 γονικὴν
437 4540 546 4604 στάσιν
573 4547 630 4625 τῆς
652 4535 887 4626 Μελαγχρηνῆς
911 4538 1016 4626 Ζιοΐης,
1044 4547 1100 4626 τῆς
1122 4541 1282 4626 θυγατρός
1305 4549 1361 4606 τοῦ
1385 4539 1541 4626 Σοροπού-

280 4661 338 4725 λου
366 4659 540 4748 Στεφάνου,
567 4657 708 4738 ἅπασαν,
737 4656 776 4747 ἧς
800 4663 835 4726 τό
859 4664 914 4747 μὲν
937 4661 1032 4727 πλέον
1057 4661 1100 4736 εἰς
1124 4663 1301 4749 προσένεξιν
1327 4663 1456 4730 δέδοται
1478 4665 1540 4750 χοὶ·
