3228 5296
1338 213 1381 285 23

99 415 156 474 καὶ
186 411 463 498 χροσοβοολλίοις
492 413 598 492 λόγοις
631 416 741 478 τούτου
766 413 854 479 δοσίν
880 412 1004 480 ἅπαντα
1028 413 1067 478 τὸι
1099 414 1169 478 κατ’
1197 409 1294 500 αύτην
1324 435 1382 479 πε-

99 537 315 622 ριεθρίηηωσε
341 541 400 601 καί
426 537 469 610 ὡς
499 541 618 624 τείχοις
647 541 915 624 κατωχορύισατο.
953 544 1009 604 καί
1032 535 1071 625 ἠν
1103 529 1202 624 μὲνὴ
1232 535 1381 625 είρημένη

99 661 181 745 μονὴ
211 663 302 724 κατὰ
330 663 390 733 τὰς
424 663 606 748 περιλήψεις
634 673 695 726 τῶν
721 665 899 746 προσόντων
935 659 1016 749 αότη
1048 663 1293 748 χροσοβούλλων
1326 665 1382 726 καί

97 780 243 868 όρισμιῖιν
269 795 332 848 τῶν
350 784 504 870 ἀοιδίμων
523 785 687 869 βασιλέων,
705 795 760 852 τού
781 809 814 850 τε
838 791 965 851 ποίπτοο
986 785 1042 850 καὶ
1064 789 1182 870 πατρὸς
1207 795 1262 871 τῆς
1287 787 1382 870 βασι·

97 908 189 980 λείας
221 929 285 993 μοο
312 913 503 996 κατέχουσα
529 911 585 974 καί
612 916 770 996 νεμομένη
798 913 901 974 ποίντα
930 914 968 974 τὰ
996 913 1266 996 προσκορωθέντα
1290 905 1381 996 αύτη·

101 1029 146 1103 εἷς
168 1033 207 1094 δὲ
227 1053 265 1112 γε
290 1033 426 1098 πλείονα
451 1032 627 1122 ἀσφάλειαν
653 1032 754 1100 αότιύν
775 1039 831 1098 καί
855 1033 1021 1120 ἑδραίωσιν
1044 1032 1065 1121 ἡ
1089 1035 1235 1118 βασιλεία
1260 1055 1321 1119 μοο
1345 1036 1380 1097 τὸ

102 1159 157 1239 μὲν
181 1157 240 1220 διὰ
265 1155 321 1243 τήν
346 1155 384 1244 ἣν
413 1153 456 1232 ὥς
486 1155 611 1246 εἴρηκεν
647 1157 774 1245 ἀγάπην
807 1155 854 1222 ότι
882 1163 1035 1245 κέκτηται
1061 1161 1139 1242 πρὸς
1168 1160 1223 1244 την
1252 1157 1382 1222 οίκοκο-

103 1283 171 1363 ρίαν
201 1283 323 1366 ταύτης
352 1281 408 1366 τήν
435 1279 635 1368 θεομήτορα,
668 1283 702 1346 τὸ
734 1283 770 1346 δὲ
800 1285 857 1346 καί
884 1283 936 1345 διά
960 1285 996 1346 τὸ
1028 1283 1083 1368 τὴν
1107 1285 1254 1368 τοιαύτην
1283 1282 1381 1367 μονὴν

104 1401 335 1491 ἀνανεωθῆναι
362 1407 419 1470 καί
453 1409 730 1492 κατνοοργηθῆναι
757 1409 843 1490 παρὰ
872 1413 926 1470 τού
957 1403 1103 1490 ἀοιδίμου
1140 1401 1297 1470 αόθέντοο
1325 1409 1381 1468 καί

104 1533 233 1592 πάπποο
256 1539 314 1615 της
339 1531 504 1612 βασιλείας
533 1551 593 1616 μοο
622 1539 676 1594 τού
705 1529 872 1612 βασιλέως,
897 1533 949 1593 τὸν
977 1533 1118 1614 παρόντα
1143 1529 1380 1615 χροσόβοολλον

103 1653 201 1732 λόγον
219 1653 369 1738 έπορέηει
386 1647 476 1740 αύτη,
500 1649 540 1717 δι’
566 1649 603 1718 ού
626 1657 682 1718 καί
699 1655 868 1739 διορίζεται
894 1653 980 1739 ἔχειν
998 1656 1032 1717 τὸ
1050 1659 1181 1738 στέργον
1197 1657 1254 1717 καί
1279 1651 1381 1738 ἀτταρι

105 1779 251 1856 έγτιλιτον
278 1777 317 1841 τὸ
340 1779 499 1863 προσόντα
522 1789 560 1864 τη
584 1779 714 1864 τοιαύτη
740 1790 821 1864 μονη
844 1778 1068 1864 χροσόβοολλά
1085 1799 1117 1840 τε
1139 1781 1195 1840 καί
1219 1775 1378 1861 όρισμοὸς,

107 1899 189 1966 ἀλλὰ
214 1901 254 1988 δη
280 1906 338 1965 καί
362 1904 414 1966 τόν
444 1897 515 1988 ὅρον
539 1905 592 1966 τὸν
615 1903 701 1986 παρὰ
729 1911 783 1966 τοῦ
808 1901 913 1967 Φωκᾱ
937 1899 1060 1966 έκείνοο
1084 1905 1237 1979 γεγονότα
1259 1905 1316 1964 καί
1340 1904 1379 1964 τὸι

103 2026 200 2090 λοιπὰ
236 2027 444 2112 δικαιώματα
471 2027 526 2090 καί
561 2029 710 2111 κατέχειν
738 2027 773 2090 τὸ
803 2027 899 2110 μέρος
935 2035 990 2111 τῆς
1018 2027 1167 2110 τοιαύτης
1196 2033 1294 2109 μονῆς
1322 2029 1379 2090 καί

103 2153 265 2234 νέμεσθαι
293 2147 517 2227 ἀδιασείστως,
543 2145 763 2236 ἀνενοχλήτως
786 2153 843 2214 καί
872 2148 1089 2237 ἀναφαιρέτως
1125 2147 1249 2212 ἅπαντα
1277 2151 1317 2212 τὸι
1346 2147 1378 2211 ἐν

106 2272 215 2348 αύτοῖς
244 2271 548 2360 ἐμπεριειλημμένα,
579 2272 679 2337 ἀκαί
704 2273 832 2358 ἔχουσιν
857 2269 966 2346 ούτως·
993 2277 1183 2357 προάστειον
1208 2271 1297 2344 ἐντὸς
1321 2281 1377 2336 τού

100 2403 250 2484 περιόροο
280 2408 335 2484 τῆς
364 2407 463 2484 μονῆς
496 2399 530 2461 τὸ
561 2399 785 2482 έπιλεηόμενον
820 2401 859 2460 τὸι
892 2396 1062 2485 Σροὸρνοο,
1099 2394 1175 2482 ὅπερ
1203 2396 1376 2482 περιῆλθεν

16 2513 17 2520 ¹
104 2519 184 2609 αὸτη
212 2521 251 2586 ἐκ
275 2525 489 2606 προσενέξεως
513 2531 567 2586 τού
589 2521 756 2588 Καλοειδοί
780 2520 954 2606 Γεωρηίοο,
980 2516 1191 2606 ύδρομολικὸν
1220 2519 1378 2605 ἐργαστη-

16 2717 17 2722 1
101 2666 167 2732 ριον
199 2645 234 2710 έν
265 2641 349 2731 αότῴ
380 2651 435 2710 καί
459 2645 637 2732 περιβόλων
667 2645 746 2731 μετὰ
774 2647 909 2730 δένδρων
939 2643 1163 2732 ὸπωροτρόρων,
1193 2642 1271 2729 ἀπερ
1301 2643 1376 2708 έπε-

99 2775 246 2858 κτήσατο
272 2767 292 2857 ἡ
319 2770 397 2856 μονὴ
423 2767 455 2844 ἐξ
478 2767 602 2834 οίκείων
627 2768 750 2845 ἐξόδων.
777 2767 821 2840 είς
844 2771 879 2832 τὸ
896 2773 1013 2854 χωρίον
1039 2770 1093 2855 τήν
1115 2768 1282 2834 Μοίνταιαν
1301 2787 1376 2852 μετ-

100 2899 192 2980 ὸχιον
223 2891 242 2958 ό
280 2891 370 2974 ἅγιος
396 2891 643 2981 Παντελεήμων,
668 2894 837 2980 περιελθὸν
867 2887 947 2979 αότη
976 2891 1013 2956 έκ
1041 2893 1251 2977 προσενέξεως
1280 2888 1375 2954 Ἀλε-

96 3023 161 3095 ξίοο
191 3017 307 3104 ἱερέως
341 3027 397 3083 τού
426 3016 581 3084 Τεσαΐτοο
616 3022 672 3082 καί
699 3025 754 3082 τού
790 3025 934 3103 μοναχσὸ
961 3015 1117 3101 Μαξίμοο.
1148 3014 1180 3078 έν
1212 3014 1255 3100 τῷ
1285 3009 1372 3096 αύτηῑ
1442 3101 1447 3112 1

96 3147 243 3230 μετοχίιρ
269 3141 384 3230 δένδρα
409 3138 598 3231 ὸπωρορόρα
622 3141 759 3229 διοίρορα
778 3145 834 3206 καί
859 3139 983 3218 έλαϊκὸι,
1009 3149 1048 3226 γῆ
1073 3135 1207 3223 ύπεργος
1224 3137 1280 3202 καί
1304 3159 1372 3223 χω·-

94 3273 198 3358 ριίρια
222 3265 414 3353 διακείμενα
439 3265 482 3340 είς
506 3265 560 3352 τήν
583 3261 764 3344 Μοίνταιαν,
788 3265 997 3350 περιελθόντα
1025 3275 1063 3350 τη
1088 3274 1169 3348 μονῇ
1194 3263 1232 3326 έκ
1256 3283 1373 3347 προσε-

93 3396 211 3469 νέξεως
238 3402 299 3456 τῶν
325 3389 388 3455 ἀπὸ
413 3401 468 3478 της
490 3387 658 3462 Μανταίας
681 3400 831 3476 χωριτων.
861 3392 1022 3476 χωροίριον
1052 3387 1204 3466 σύνεγγυς
1229 3395 1286 3472 της
1309 3407 1374 3449 τοι·

94 3520 196 3602 αύτης
227 3511 330 3600 αύλῆς
361 3513 438 3600 ἔχον
466 3517 521 3578 καί
550 3515 665 3598 δένδρα
689 3513 815 3578 ἔλαίκοί.
848 3510 880 3576 έν
904 3523 943 3598 τῇ
967 3514 1144 3595 τοποθεσίη
1167 3520 1222 3575 τού
1245 3509 1374 3582 Καίοοε

93 3653 208 3727 ριῶνος
234 3639 354 3723 δένδρα
378 3637 493 3702 ἐλαϊκά
516 3639 646 3702 δώδεκα
668 3642 725 3702 καὶ
746 3635 874 3702 ὸιτιδέαι
890 3637 1052 3720 τέσσαρες.
1078 3633 1109 3699 ἐν
1134 3643 1172 3720 τη
1197 3637 1374 3716 τοποθεσία

92 3775 147 3832 τού
173 3764 336 3836 Φοίνικος
365 3765 478 3847 δένδρα
508 3763 623 3827 έλαϊκὸι
650 3761 947 3849 πεντηκονταοκτιὸ,
976 3760 1186 3845 περιελθόντα
1212 3757 1310 3842 ταύτῃ
1341 3753 1374 3829 ἐξ

92 3887 279 3975 ἀηορασίας
305 3885 447 3952 ἀπὸτοῦ
474 3883 625 3970 Κακαβᾶ.
656 3889 805 3973 μετόχιον
834 3884 895 3950 ἀπὸ
925 3886 1047 3970 δωρεᾶς
1076 3891 1132 3947 τοῦ
1160 3885 1287 3946 ποίπποο
1316 3887 1372 3963 τῆς

93 4017 266 4100 βασιλείας
303 4033 377 4097 μοο,
414 4009 616 4097 διακείμενον
650 4011 785 4096 πλησίον
820 4017 875 4094 τῆς
904 4007 1048 4094 Σμύρνης
1079 3998 1129 4070 ἐπ’
1154 4004 1286 4090 όνόματι
1315 4011 1371 4066 ,τού

92 4139 189 4220 ἀηίοο
205 4137 381 4222 Γεωργίοο,
409 4135 442 4199 έν
467 4131 492 4222 ᾦ
514 4131 570 4198 καί
584 4133 765 4218 περιβύλιον
779 4131 1050 4218 ίδιοπεριόριστον,
1072 4129 1150 4216 ἔχον
1167 4125 1372 4212 σοκαμινέας,

92 4267 211 4350 δένδρα
250 4259 443 4348 ὸπωρορόρα
471 4263 526 4323 καί
555 4253 717 4344 ἀμπέλιον.
755 4255 879 4321 ἔσωθεν
908 4263 963 4319 τοῦ
992 4260 1117 4338 τείχοος
1145 4259 1200 4316 τού
1229 4251 1374 4316 Παλαισ-

94 4395 239 4474 τιοίστροο
268 4396 326 4473 τῆς
354 4383 503 4470 Σμύρνης
529 4387 692 4469 χωροίριον
720 4381 888 4466 περιελθὸν
917 4389 955 4464 τη
985 4389 1065 4463 μονῇ
1094 4375 1130 4440 ἐκ
1163 4376 1374 4461 προσενέξεως

96 4525 147 4601 τῆς
178 4521 330 4599 μοναχῆ-ς
360 4506 560 4592 Ἀγηελίνης.
588 4503 696 4590 ἕτερον
723 4508 888 4591 χωροίριον
913 4491 1088 4585 περιελθὸν
1113 4502 1210 4584 ταύτῃ
1237 4496 1270 4571 ἐξ
1293 4495 1373 4576 ἀγοί-

97 4643 209 4724 ρ-ασίοις
244 4638 387 4724 πλησίον
425 4617 479 4696 τοῦ
506 4629 723 4716 Τίοκανδὸλη.
749 4629 799 4715 ’κῆ
838 4623 900 4693 ἀπὸ
927 4623 1047 4713 δωρεᾶς
1077 4631 1131 4690 τού
1160 4607 1374 4707 πάπποοπίῆς
