3168 5274
280 265 344 329 300

279 479 340 543 χου
369 454 448 544 αύτη
477 419 510 522 τε
539 445 594 521 κάί
622 470 685 531 τοῖς
713 455 761 522 ύπ’
786 454 893 544 αύτην,
917 461 973 524 καί
1003 455 1172 528 ἀκωλύτως
1196 453 1320 519 ἅπαντα
1347 454 1540 537 διενεργησει

279 585 380 668 τοί-τη
404 579 538 668 έξαρχίογ
562 579 722 667 ἀνήκοντα
746 579 795 647 ἐπὶ
819 594 883 655 τοῖς
908 583 1061 653 τοιούτοις
1084 581 1223 652 δικαίοις
1253 575 1360 642 αύτοό·
1384 573 1464 641 ὅθεν
1488 583 1539 640 καί

279 705 352 778 τούς
377 703 527 790 ἱερᾶσθαι
552 707 725 790 μέλλοντας
750 703 787 769 έκ
811 715 870 770 τῶν
895 701 934 770 ύπ
959 701 1053 769 αὐτόν
1078 713 1237 789 μοναχῶν,
1266 701 1312 776 οἷς
1336 699 1372 764 ἂν
1400 699 1459 765 καὶ
1486 701 1537 763 δο-

278 832 402 914 κιμάση
428 827 636 914 ἀρχιερεῦσιν,
665 826 804 901 ἐκείνους
832 833 888 894 καὶ
910 799 1126 913 προσενέγκαι,
1152 831 1207 890 καί
1232 823 1310 890 ούτω
1328 827 1382 911 τήν
1411 823 1539 910 ἱερωσύ-

276 972 332 1037 νην
357 951 556 1028 εἰσδέξονται.
584 950 671 1025 έντός
696 956 801 1038 μέντοι
825 963 884 1016 τῶν
906 950 993 1016 ίδίων
1018 947 1096 1036 ὅρων
1121 949 1292 1036 ἑστήξεται,
1321 947 1376 1012 καὶ
1398 944 1490 1014 ούδέν
1513 971 1539 1010 τι

275 1077 422 1160 περισσόν
446 1075 650 1160 διαπράξεται
672 1083 729 1161 τῆς
751 1085 984 1162 πατριαρχικῆς
1007 1079 1104 1161 χωρὶς
1121 1073 1272 1160 είδησεως
1296 1077 1351 1137 καί
1375 1071 1537 1148 ἐνδόσεως,

276 1197 324 1286 ἐφ’
348 1196 374 1286 ᾧ
395 1201 451 1262 καί
480 1203 653 1284 προσέσται
688 1203 722 1263 τό
750 1203 851 1283 παρόν
879 1199 1030 1278 σιγίλλιον
1065 1207 1120 1283 της
1143 1194 1232 1284 ἡμῶν
1268 1199 1472 1282 μετριότητος
1500 1219 1538 1279 τῳ

277 1320 366 1409 μέρει
389 1330 445 1407 τῆς
469 1331 523 1385 τοῦ
548 1319 657 1400 Ἃγίου
682 1321 811 1387 Παύλου
835 1335 933 1410 μονῆς
958 1321 1003 1396 είς
1028 1319 1204 1410 ἀσφάλειαν
1228 1325 1257 1400 †.

364 1442 517 1529 ξΕίχε
552 1446 598 1508 τό
629 1447 774 1528 παρόν
809 1441 1055 1530 ὑπόμνημα
1083 1447 1162 1507 καί
1196 1446 1252 1506 τό·
1287 1443 1536 1528 Γερμανὸς,

276 1565 387 1652 έλέιρ
416 1569 528 1631 θεοῦ
565 1565 944 1653 ἀρχιεπίσκοπος
982 1567 1535 1642 Κωνσταντινουπόλεως,

274 1689 394 1764 Νέας
421 1688 598 1777 Ῥώμης,
633 1695 712 1756 καί
747 1659 1087 1778 οίκουμενικός
1118 1695 1428 1776 πατριάρχης,
1464 1692 1535 1752 καί

275 1813 616 1902 ἀπηωρημένην
645 1815 928 1902 μολιβδίνην
964 1815 1164 1898 βούλλαν
1194 1812 1236 1878 έν
1271 1817 1349 1898 μὲν
1379 1811 1447 1877 ἑνί
1475 1817 1535 1896 μέ-

275 1959 345 2021 ρει
378 1937 454 2023 την
490 1940 724 2003 θεοτόκον
761 1936 1057 2004 έκτυπούσαν
1097 1939 1430 2021 βαστάξουσαν
1465 1939 1533 1998 τόν

273 2059 484 2146 Χριστόν,
509 2058 621 2125 ένδέ
646 2060 863 2148 τῴέτέρῳ
892 2064 1038 2126 τὸτοῦ
1066 2063 1364 2157 πατριάρχου
1394 2056 1535 2143 ὄνομα

273 2189 351 2249 καί
376 2183 573 2270 ἀξίωμαι
599 2188 628 2264 ξ.

361 2305 439 2394 Εἶχε
463 2311 519 2371 καί
541 2304 674 2372 ὄπισθεν
699 2311 734 2372 τό
757 2311 856 2394 παρόν
881 2304 1052 2396 ὑπόμνημα
1075 2310 1197 2396 γραφὴν
1222 2317 1276 2372 τοῦ
1306 2304 1484 2386 ἁγιωτάτοο
1507 2302 1535 2366 έν

273 2435 484 2518 πατριάρχαις
508 2439 604 2516 κυρού
627 2429 780 2518 Μανουηλ
803 2435 842 2496 τὰ
867 2431 898 2496 έν
923 2429 1007 2519 αύτῷ
1030 2429 1301 2519 ύποστηρίξουσαν
1323 2429 1535 2519 ἐμφαινόμενα

275 2557 417 2619 ταυταισὶ
440 2555 615 2630 διεξιούσαν
640 2565 706 2628 ταῖς
730 2557 863 2630 λέξεσιν·

362 2676 403 2743 Εἰ
427 2700 473 2751 τις
503 2681 579 2753 ζῶσι
606 2682 662 2763 μέν
691 2689 750 2743 τῶν
778 2689 923 2766 χρηστῶν
952 2677 1071 2763 ἀνδρῶν
1106 2701 1168 2743 τισι
1202 2682 1414 2765 χαριζόμενος
1443 2673 1532 2739 ἀπαί-

135 2883 140 2895 ι
267 2823 365 2888 Ιρουσι
388 2798 531 2889 ὕστερον,
561 2807 761 2888 συναπαίρειν
790 2806 846 2868 καί
873 2805 927 2889 την
952 2801 1044 2889 χάριν
1068 2800 1240 2882 ἐπείγεται,
1270 2797 1360 2873 οὗτος
1390 2799 1463 2864 οὔτε
1484 2808 1533 2882 της

277 2937 335 2990 τῶν
363 2925 467 2992 ἄλλων
490 2930 622 3014 χάριτος
647 2930 797 3013 μνήματα
824 2930 1013 3012 καταμένειν
1042 2925 1083 3012 τῷ
1107 2928 1164 3010 βίῳ
1188 2927 1286 3010 τούτῳ
1311 2923 1446 3008 αἱρεῖται
1469 2920 1532 2986 οότε

277 3058 332 3136 τῆς
360 3047 484 3115 ἑαυτοῦ·
514 3048 583 3135 ἅμα
606 3073 639 3114 τε
668 3054 729 3134 γὰρ
755 3048 901 3138 ἀφείλετο
930 3051 984 3135 τὴν
1008 3053 1100 3135 χάριν
1128 3052 1183 3113 καὶ
1210 3046 1278 3134 ἅμα
1302 3058 1533 3135 σοναιραιρεῖται

276 3176 332 3238 καὶ
359 3177 416 3246 τὰς
445 3177 581 3260 μνήμας,
606 3174 661 3260 την
686 3171 800 3238 ἑαυτοῦ
825 3196 858 3237 τε
884 3170 926 3244 ὡς
951 3168 985 3236 εύ
1008 3176 1225 3258 ποιησαμένου
1246 3172 1423 3254 κατέσβεσε
1448 3173 1532 3255 χάριν

277 3300 334 3361 καί
357 3297 412 3382 τὴν
436 3305 490 3361 τού
515 3293 612 3361 αύτού
635 3293 807 3370 παθόντος·
831 3295 898 3381 εἶχε
923 3297 983 3381 γὰρ
1008 3295 1118 3359 ἔκτοτε
1142 3303 1233 3361 τούτο
1259 3297 1321 3378 [τό]
1343 3292 1532 3380 διαχρηστόν

276 3421 509 3507 πλεονέκτημα·
534 3415 568 3484 τό
593 3415 609 3483 ό
633 3425 779 3505 κείμενος
804 3419 937 3484 ἔπαθεν.
962 3418 990 3482 εἰ
1011 3428 1085 3498 γοῦν
1109 3419 1224 3503 καὶτῷ
1248 3419 1336 3489 έντός
1352 3417 1532 3503 δηλουμένη
1565 3413 1566 3426 ’

278 3542 438 3626 όσαοτάτιρ
464 3542 495 3607 έν
524 3554 677 3628 μοναχοῖς
705 3542 822 3628 Παύλιρ
851 3541 961 3626 έκείνιρ
998 3547 1088 3616 ξωντι
1123 3545 1179 3627 μὲν
1207 3539 1382 3628 έπήγγελτο
1420 3540 1458 3603 έκ
1485 3545 1532 3598 τού

279 3663 455 3746 άγιωτάτου
482 3669 679 3752 πατριάρχου
707 3675 804 3752 κυροό
832 3665 995 3751 Γερμανοό
1025 3667 1059 3729 τό
1091 3663 1140 3729 ἐπὶ
1168 3677 1206 3752 τη
1235 3662 1304 3730 κατ’
1336 3659 1431 3728 αύτόν
1459 3668 1532 3746 μονῇ

278 3801 337 3854 τῶν
352 3801 588 3876 πατριαρχικῶν
606 3787 745 3876 ἐξάρχων
764 3788 975 3854 ἀνεισέλευσίν
992 3811 1025 3853 τε
1043 3787 1100 3852 καὶ
1118 3785 1329 3866 ἆδιάσειστον,
1351 3783 1479 3872 ύστερον
1501 3783 1532 3845 δὲ

279 3912 452 3980 ἀπελθόντι
474 3917 514 3978 τὰ
537 3921 593 4000 τῆς
618 3911 809 3993 ἐπαγγελίας
838 3911 1128 3998 ἀπεμαράνθησαν,
1161 3910 1247 3998 εἶχεν
1271 3909 1308 3975 ἂν
1333 3911 1434 3996 λαβὴν
1459 3912 1531 3993 μέμ-

278 4043 360 4124 ψεως
383 4035 403 4124 ἡ
427 4047 482 4102 τοῦ
508 4035 600 4117 ἁγίου
624 4035 747 4100 ἐκείνου
771 4032 951 4122 ύπόσχεσις,
977 4033 1044 4100 ἐπεὶ
1066 4036 1101 4098 δὲ
1125 4039 1181 4098 καί
1205 4039 1371 4119 περιόντων
1395 4037 1451 4099 καί
1471 4053 1532 4094 κει-

152 4167 153 4171 ’
280 4166 379 4247 μένων
402 4171 462 4226 τῶν
485 4171 631 4248 χρηστόν
656 4157 777 4244 ἀνδρῶν
800 4160 855 4245 την
880 4156 992 4244 ἀρετὴν
1017 4156 1137 4231 ἐκεῖνος
1161 4155 1236 4244 ηδει
1260 4169 1352 4244 τιμᾶν
1375 4160 1431 4220 καί
1453 4154 1531 4236 παρὰ

148 4329 152 4352 ι
278 4282 360 4349 τοῦτ’
390 4281 467 4349 αύτό
496 4285 570 4348 οόδέ
598 4287 637 4348 τά
661 4278 866 4369 ὑπεσχημένα
891 4281 932 4366 τῷ
959 4277 1091 4368 ῥηθέντι
1121 4279 1284 4366 όσιωτάτιρ
1312 4279 1430 4364 Παύλῳ
1459 4277 1530 4362 μετὰ

277 4409 422 4474 θανάτου
445 4411 555 4473 τούτου
577 4407 736 4492 παρεῖδεν,
762 4403 845 4470 ἀλλὰ
867 4410 965 4491 πέρας
989 4402 1019 4468 τι
1040 4401 1194 4482 δέδωκεν,
1219 4402 1263 4478 ὣς
1287 4405 1321 4468 τό
1345 4404 1441 4488 παρόν
1465 4399 1529 4462 δια-

277 4532 433 4617 λαμβάνει
461 4527 645 4617 όπόμνημα,
676 4523 801 4594 εύδοκεῑ
823 4533 878 4594 καί
903 4525 923 4616 η
949 4529 1113 4614 μετριότης
1141 4523 1230 4614 ἡμῶν
1259 4530 1293 4592 τό
1318 4525 1529 4614 ἀμετάπτωτον

278 4653 365 4739 ἔχειν
395 4659 434 4720 τά
459 4655 749 4742 ἐμπεριειλημμένα
777 4655 875 4740 τούτῳ
905 4656 961 4718 καί
991 4647 1201 4738 ἀμετάθετον,
1236 4655 1291 4716 καί
1314 4651 1453 4736 διατηρεῖ
1481 4647 1530 4710 καί
