3140 5306
433 531 437 544 ·
524 501 672 580 CXXVII.
684 509 765 592 ,Sine
782 529 874 590 οοσο,
890 527 996 576 menso
1012 509 1112 598 aprili,
1129 505 1264 575 iud.v1.

308 659 472 732 Imperator
486 663 688 716 ταοκαατωάκκι
705 669 799 716 tuetur
813 669 915 714 οοκίτα
930 660 1088 714 matium
1104 657 1226 714 1σακαίε
1241 657 1343 712 Dum
1358 655 1483 713 θησαίατ’.

352 807 580 898 ’γἝτερσν
603 813 881 897 πρόσταγμα
904 777 1238 896 διοριζόμινσν
1266 812 1344 874 καί
1366 811 1416 873 τό
1441 831 1531 874 τοι-

268 943 412 1017 οῦτον,
441 933 566 1000 εἶναι
593 936 670 1021 τὴν
694 935 841 1021 μονὴν
869 935 1020 998 καίτὰ
1043 930 1087 997 ἐν
1116 927 1401 1019 αὐτηπσίντα
1427 930 1533 996 ἀνά-

264 1051 569 1144 ττρόνπάσης
592 1039 894 1146 δημοσιακης
917 1057 1247 1142 καίδοοκικῆς
1270 1058 1437 1142 χειρός
1461 1058 1491 1134 †.

352 1181 600 1270 ῒΠεριπόθητε
627 1183 812 1268 σόγγαμβρτ
836 1191 891 1268 τῆς
912 1182 1080 1266 βασιλείας
1105 1203 1178 1268 μοο,
1207 1180 1282 1256 δοόζ
1304 1188 1360 1246 τοῦ
1383 1183 1531 1266 θόματος

266 1316 326 1372 των
351 1306 555 1392 βρακησίων,
578 1314 666 1392 κϋρις
689 1304 817 1392 Ἰωάννη
836 1305 949 1372 ,Δοιίκα
971 1304 1144 1391 Κοορτίκη.
1168 1307 1203 1372 τό
1229 1308 1323 1391 μόρος
1350 1313 1408 1390 τῆς
1433 1305 1532 1387 σεβα-

268 1433 365 1515 σμίας
391 1437 491 1515 μονῆς
514 1440 573 1494 τῶν
600 1427 747 1515 Λέμβων,
772 1427 954 1515 ἀναδραμὸν
976 1431 1054 1515 πρὸς
1081 1429 1136 1514 την
1161 1429 1324 1512 βασιλείαν
1354 1449 1429 1513 μου,
1459 1423 1534 1490 ὑπί-

268 1570 387 1638 μνησεν
417 1548 512 1640 αὐτη,
548 1548 596 1617 ότι
623 1555 841 1638 παραθεωρῶν
869 1555 905 1616 τὸ
940 1554 1071 1634 γεγονός
1095 1547 1175 1639 αότη
1210 1551 1454 1638 χροσόβοολλον
1478 1559 1532 1634 τῆς

270 1677 436 1760 βασιλείας
465 1697 525 1762 μοο
548 1673 599 1740 ἐπί
620 1679 756 1760 παντοίη
784 1675 974 1760 ὲξκοοσσείορ
1002 1685 1062 1739 τῶν
1084 1677 1172 1765 παρὰ
1199 1683 1256 1760 τῆς
1280 1675 1451 1758 βασιλείας
1475 1695 1533 1758 μοο

270 1799 525 1885 ἀνατεθειμόνων
554 1795 634 1886 αὐτῇ
663 1802 832 1886 κτημάτων
870 1796 1130 1886 όποιωνδητινων,
1170 1795 1207 1864 οό
1242 1808 1361 1886 μικρῶς
1398 1795 1534 1882 ἐπηρεά-

272 1927 335 1998 ζεις
358 1923 431 1996 τοὺς
445 1921 619 2008 παροίκσος
641 1933 696 1988 τοῦ
719 1927 884 2010 κτήματος
901 1919 1003 1988 αὐτῶν
1026 1933 1083 2010 τῆς
1105 1921 1245 2009 Βόρεως·
1269 1921 1450 1992 καθέλκεις
1473 1922 1532 2004 γάρ

270 2051 328 2116 καί
356 2043 470 2120 αότοός
499 2050 579 2132 μετὰ
606 2055 662 2133 τῆς
689 2048 802 2133 λοιπῆς
829 2051 938 2134 χώρας
966 2045 1010 2119 είς
1036 2047 1142 2119 δόσεις
1171 2046 1427 2124 στοπαξοιίγγων,
1455 2063 1533 2126 καρ-

273 2172 390 2256 βόνων,
418 2167 576 2256 πλωΐμων,
603 2176 790 2249 κανισκίων,
828 2181 940 2258 χρειῶν
967 2171 1125 2236 δοοκικων
1158 2173 1215 2236 καί
1243 2167 1348 2236 ἄλλων
1374 2169 1534 2243 τοιοίτων,

275 2289 312 2358 οὐ
337 2296 432 2380 μόνον
456 2294 492 2358 δὲ
517 2291 561 2367 είς
584 2295 619 2359 τό
642 2303 751 2380 κτῆμα
774 2291 875 2358 αδτων
898 2305 996 2368 ποιεῖς
1019 2302 1134 2372 ταῦτα,
1163 2291 1248 2358 ἀλλὰ
1270 2291 1328 2358 καὶ
1349 2291 1395 2366 sk
1420 2287 1534 2362 αότοιλς

273 2417 346 2491 τούς
374 2425 431 2504 τῆς
460 2425 557 2502 μονῆς
591 2418 763 2504 μοναχοός,
791 2423 848 2483 καί
876 2415 941 2491 σίος
970 2415 1022 2483 ἀπ’
1052 2413 1154 2482 αότότν
1187 2413 1428 2503 όνττποιίραπαι
1462 2410 1535 2499 ὑπὲρ

274 2548 330 2606 τοῦ
355 2543 543 2626 πράγματος
569 2550 626 2628 τῆς
651 2551 763 2629 μονῆς,
788 2539 981 2606 ἆτεντεῦθτν
1008 2541 1191 2630 ρολακίζεις
1215 2537 1310 2604 αότδν
1334 2543 1392 2605 καί
1416 2537 1535 2624 ἀτιμοίς

274 2667 331 2732 καί
353 2664 508 2750 όπαπειλη
536 2661 667 2752 δαίρειν,
701 2669 758 2730 καί
786 2663 872 2730 ἄλλα
899 2673 1031 2730 τοιαῦτα
1055 2668 1226 2730 κακωτικὰ
1254 2661 1374 2750 ἐργάζῃ
1403 2661 1451 2737 είς
1482 2661 1534 2745 τὴν

276 2791 384 2879 μονήν.
413 2791 475 2871 καίΙ
502 2785 687 2874 ἐθαύμασεν
713 2785 911 2876 ἡτβασιλεία
940 2810 1015 2875 μοο,
1043 2799 1108 2862 πως
1135 2775 1267 2853 τοιαῦτα
1290 2791 1431 2867 γίνονται
1452 2787 1534 2870 παρὰ

275 2921 343 2984 σοῖν,
372 2917 430 2978 καί
462 2921 564 2978 ταῦτα
588 2916 812 2992 γινώσκοντος,
848 2909 954 2977 όποῑον
988 2913 1120 2999 θέλημα
1148 2911 1218 2998 ἔχει
1243 2907 1265 2998 ἡ
1293 2911 1446 2995 βασιλεία
1479 2929 1534 2995 μοο

275 3039 356 3122 πρός
378 3038 434 3122 τὴν
457 3037 606 3122 τοιαύτην
627 3039 733 3122 μονήν,
755 3035 793 3099 σό
818 3033 873 3100 όόιν
897 3033 983 3122 εἶχες
1005 3036 1066 3099 πσό
1087 3055 1163 3099 ποτε
1179 3040 1284 3100 τίποτε
1306 3031 1437 3116 οἰκεῖον,
1461 3031 1534 3117 ἔπη-

276 3157 409 3248 ρεάζετο
432 3160 468 3224 δὲ
491 3153 565 3244 παρ’
591 3157 701 3236 ἄλλοο,
726 3157 859 3244 ἔμελλες
878 3159 1043 3247 δοσρορείν
1065 3159 1170 3223 πολλὰ
1186 3161 1260 3244 περί
1279 3159 1394 3222 τούτου
1416 3160 1474 3222 καί
1496 3153 1536 3226 τίς

278 3287 388 3362 τόπον,
416 3283 451 3347 δν
473 3287 649 3368 γνωρίζοις,
676 3279 724 3348 ότι
747 3279 944 3347 ἀνεκαίνισεν
967 3279 988 3370 ἡ
1012 3281 1162 3366 βασιλεία
1192 3303 1262 3368 μου,
1292 3285 1349 3346 καί
1370 3279 1415 3354 είς
1442 3279 1534 3368 μονὴν

282 3405 511 3492 ἐγκατέστησε,
534 3411 590 3472 καί
607 3403 681 3492 ὅπερ
697 3408 732 3471 δὲ
753 3405 883 3492 ίχοοσιν
899 3404 929 3470 οἱ
951 3409 1097 3492 μοναχοὶ,
1119 3408 1254 3492 ψυχικόν
1270 3405 1382 3491 ίχσοοι
1402 3415 1461 3492 τῆς
1480 3405 1535 3486 βα-

280 3529 404 3604 σιλείας
432 3551 492 3615 μοο
522 3528 584 3596 ἀπὸ
611 3531 737 3616 δωρεάς
767 3525 879 3616 αότῆς,
910 3531 1012 3608 θόλοι,
1038 3525 1093 3594 ἵνα
1114 3541 1207 3616 ποιῇς
1232 3536 1364 3594 τοιαῦτα
1387 3525 1534 3614 ἐπιζήμια

279 3657 336 3718 καί
362 3657 540 3720 κακωτικά.
567 3654 739 3740 διορίζεται
766 3662 841 3732 γοῦν
866 3675 916 3718 σοι
938 3649 959 3740 ἡ
983 3653 1131 3737 βασιλεία
1154 3673 1215 3738 μσο
1246 3652 1532 3740 όπιρωνηματικάτ,

278 3774 333 3844 ίνα
357 3777 400 3863 μὴ
423 3778 519 3862 μάθῃ
544 3773 607 3842 σίπό
627 3783 685 3842 τοῦ
708 3784 775 3856 νῦν,
805 3772 852 3840 ότι
874 3774 895 3864 ἢ
918 3775 956 3842 σό
980 3773 1001 3862 ἥ
1024 3797 1071 3849 τις
1097 3785 1157 3841 τῶν
1181 3777 1297 3862 δικαίῳ
1318 3797 1379 3840 σσσ
1401 3773 1423 3862 ἢ
1446 3771 1534 3842 αὐτὸς

280 3899 543 3988 ό.λογαριαστής
569 3919 627 3966 σοο
656 3896 738 3973 ὅλως
760 3900 975 3986 παρενίβαλτν
1009 3898 1055 3973 είς
1079 3907 1189 3985 κτῆμα
1223 3909 1280 3986 της
1316 3907 1424 3986 μονῆς,
1454 3891 1533 3983 ἢείς

281 4025 337 4112 την
365 4033 525 4111 τυχοῦσαν
548 4023 638 4090 δόσιν
661 4019 738 4090 αότδ
759 4024 987 4102 καθείλκοσεν,
1010 4021 1030 4111 ἢ
1054 4026 1123 4088 τινὰ
1149 4032 1211 4088 τῶν
1235 4019 1268 4086 ίν
1291 4018 1372 4110 αότη
1397 4027 1535 4107 μοναχων

284 4147 416 4233 όθλιψεν
443 4145 464 4236 η
491 4145 644 4236 ἠτίμωσε,
673 4151 736 4212 ’καί
760 4150 805 4233 μίι
828 4147 884 4232 τήν
910 4147 1055 4234 κεφαλήν
1083 4167 1162 4232 μοι),
1194 4145 1239 4220 είς
1262 4148 1298 4211 τό
1328 4145 1535 4210 δεκαπλάσιον

283 4274 375 4336 θέλει
396 4273 512 4337 παθεῖν
535 4272 590 4358 τὴν
614 4269 741 4356 ἀτιμίαν
762 4267 781 4336 ό
805 4269 973 4356 ἄνθρωπός
995 4291 1052 4334 σοο
1073 4266 1092 4334 ό
1115 4272 1232 4356 ταύτην
1254 4273 1404 4357 ποιήσων.
1428 4267 1531 4350 διατή·

284 4417 330 4480 ρει
353 4403 427 4475 γοόν
451 4396 506 4483 την
531 4395 628 4480 μονήν
650 4399 707 4460 καί
729 4397 768 4460 τὰ
792 4389 841 4460 ὑπ’
868 4389 962 4480 αὐτην
982 4396 1239 4470 πάντα,·καθιδς
1261 4394 1463 4480 διετηροόντο
1484 4391 1532 4454 καί

284 4517 334 4584 ἐπί
355 4527 418 4584 τῶν
438 4520 497 4604 πρὸ
528 4527 586 4584 σοι’)
609 4522 665 4584 καί
694 4521 779 4584 κατὰ
802 4517 857 4604 τὴν
879 4518 1043 4604 περίληψιν
1067 4527 1122 4584 τοῦ
1151 4521 1326 4603 προσόντος
1357 4512 1439 4604 αὐτη
1461 4535 1530 4603 χρο-

287 4641 462 4725 ασβοόλλοο
490 4651 546 4728 τῆς
579 4643 743 4725 βασιλείας
771 4663 844 4726 μοο,
880 4640 937 4706 καὶ
964 4643 1121 4728 μηδεμίαν
1149 4637 1283 4728 ὄχλησιν
1311 4637 1393 4717 όλως
1420 4639 1531 4723 όκάγῃς
