3190 5284
1211 277 1322 358 ὀι

47 483 120 544 τόν
164 478 248 544 ἀπὸ
288 489 369 566 τῆς
411 481 621 570 Σμύρνης
660 482 793 567 ἱερέα
832 483 1010 550 Λέοντα
1046 487 1119 548 τόν
1154 485 1327 574 Μουζη-

45 607 164 688 θρᾶν
198 607 229 683 ᾖ

130 725 290 814 Ἔφθααε
321 733 380 814 μὲν
409 732 472 815 πρό
500 733 624 816 χρόνων
651 730 777 795 πολλῶν
806 730 979 796 ἀποδοῦναι
1009 729 1124 796 ἐλαϊκὰ
1148 733 1263 817 δένδρα
1288 735 1330 820 τῷ

45 850 173 938 ἀριθμῷ
205 856 384 938 τρίακοντα
413 855 469 918 οῦν
496 865 560 928 τοῖς
588 857 658 920 δυσί
685 856 833 927 παλαιοῖς
861 857 1002 942 δένδροις
1031 852 1048 919 6
1074 854 1135 926 ἀπό
1159 866 1215 943 τῆς
1238 845 1327 924 Μαν-

43 982 132 1048 ταίας
161 977 433 1060 θεουεβέοτατος
461 976 571 1064 ἱερεὺς,
593 975 739 1064 Ἰωάννης
768 977 785 1044 6
814 979 957 1053 Πωλέας,
987 983 1044 1044 καί
1072 979 1188 1066 Θωμᾶς
1220 979 1236 1046 ό
1261 981 1327 1056 υἱός

43 1095 138 1164 αότοῦ
170 1103 255 1186 πρὸς
285 1103 340 1165 τόν
368 1103 584 1188 περιπόθητον
614 1100 785 1190 ίξάδελρον
816 1099 911 1167 αὐτοῦ
940 1106 993 1167 τόν
1018 1101 1079 1168 ἀπό
1103 1113 1159 1189 της
1183 1103 1326 1191 Σμύρνης

43 1221 232 1308 ὁρμώμενον
278 1225 534 1308 θεοοεβέοτατον
575 1223 662 1312 ἱερέα
700 1235 759 1311 κῦρ
798 1225 925 1294 Λέοντα
959 1229 1012 1291 τόν
1050 1225 1248 1314 Μουζηθρῦν
1283 1231 1323 1294 δι’

42 1347 207 1435 ἐγγράφου
247 1345 471 1436 ίνυπογρόφυο
500 1345 597 1414 αὐτοῦ
626 1359 831 1437 χαριοτικης,
860 1351 1008 1436 δηλονότι
1041 1353 1096 1415 καὶ
1120 1351 1173 1416 διὰ
1200 1353 1325 1418 πολλῶν

42 1467 238 1558 ιόεργευιῶν
270 1483 332 1536 τῶν
360 1470 398 1536 ὲκ
427 1481 481 1537 τοῦ
512 1471 693 1559 Μουζηθρᾱ
722 1476 799 1558 πρός
827 1477 880 1538 τὸν
909 1472 1026 1538 Πωλέα
1055 1479 1231 1554 γεγονότων
1260 1481 1324 1563 χοί-

41 1617 82 1680 ριν
98 1606 163 1660 τῶν
185 1598 346 1661 τοιοῦτον
369 1593 505 1660 έλαίκιῦν
521 1597 668 1682 δένδρων,
691 1599 808 1671 καθολς
824 1600 859 1662 τό
882 1593 957 1682 παρ’
983 1593 1080 1662 αότοῦ
1105 1603 1237 1678 γεγονός
1260 1623 1324 1664 πα-

40 1721 188 1798 λαιγενές
228 1719 395 1807 ἔγγραφον
429 1721 595 1806 δηλοποιεῑ
622 1724 707 1784 κατὰ
742 1723 776 1784 τό
805 1720 898 1806 ,ςψιη
932 1721 1015 1793 ἔτος·
1049 1726 1215 1807 πειραθείς
1239 1725 1275 1788 δέ
1306 1721 1323 1790 6

40 1843 162 1908 ἄνωθεν
208 1843 377 1930 δηλωθείς
416 1841 514 1930 ἱτρκός
556 1840 703 1930 Ἰωάννης
749 1842 766 1908 6
805 1843 939 1917 Πωλέας
977 1850 1125 1929 συνεργία
1164 1859 1322 1934 οατανικη

40 1965 307 2054 ι’γνεγκλήτευυαν
343 1970 384 2032 τὰ
419 1975 549 2032 τοιαῦτα
585 1967 702 2030 δλαῑκὰ
731 1968 846 2052 δένδρα
877 1971 955 2053 πρός
990 1971 1042 2032 τόν
1074 1965 1233 2055 αὐθέντην
1263 1967 1323 2036 αό-
1405 1997 1409 2004 ’

41 2099 103 2170 τοῦ,
145 2093 208 2156 τόν
250 2092 354 2165 λίζιον
389 2091 607 2176 καβαλλέριον
644 2094 695 2155 τόν
736 2090 912 2177 Σοργαρὴν,
949 2089 1164 2178 ἀποκαρέντος
1202 2095 1237 2158 δέ
1268 2105 1323 2162 τοῦ

42 2215 152 2281 Πηλέα
177 2214 317 2280 ἐκείνου
341 2218 398 2278 καί
420 2213 600 2299 κληθέντος
629 2213 684 2278 διὰ
707 2223 762 2280 τοῦ
785 2217 878 2280 θείου
901 2219 956 2278 καί
985 2214 1158 2294 ίιγγελικοῦ
1187 2222 1320 2304 σχήμα-

1 2395 2 2398 ,
41 2362 89 2411 τος
110 2340 318 2426 Ἱλαρίωνος,
343 2335 386 2411 ὣς
410 2339 543 2402 καὶτοῦ
566 2335 746 2424 Μουζηθρῦ
771 2335 879 2422 ίερέυς
903 2335 1121 2424 ἀποκαρέντος
1144 2345 1199 2406 καὶ
1223 2339 1321 2408 αὐτοῦ

41 2471 87 2529 καί
107 2467 306 2550 κληθέντος
329 2459 498 2540 Λεοντίου,
529 2465 678 2540 λέγοντος
709 2463 745 2526 δέ
769 2471 823 2526 τοῦ
852 2461 977 2540 Πωλέα,
1003 2460 1050 2528 ὅτι
1073 2467 1114 2530 τὰ
1138 2469 1194 2550 μέν
1220 2465 1321 2532 εἴκοσι

1 2581 2 2590 ’
41 2589 146 2675 δένδρα
177 2589 379 2673 δεδώκαμεν
407 2589 484 2672 πρός
511 2588 564 2650 τόν
593 2584 765 2673 έδόδιλρόν
792 2607 854 2671 μου
882 2589 935 2652 τὸν
963 2585 1173 2673 Μυοζηθραν,
1209 2592 1248 2654 τὰ
1284 2590 1319 2656 δέ

40 2715 109 2778 δέκα
146 2711 284 2784 ἀδίκως
319 2719 510 2796 κρατοῦνται
536 2706 607 2796 παρ’
644 2705 756 2786 αὐτοῦ,
784 2707 802 2773 6
830 2711 865 2774 δέ
894 2730 930 2788 γε
966 2708 1065 2784 λιίιυς
1099 2713 1319 2799 καβαλλοίριυς

1 2819 2 2904 ί
41 2834 150 2910 ἐκεῖνος
184 2835 206 2902 6
237 2835 408 2921 Συργαρης
431 2831 587 2920 έπίπιμρε
614 2833 668 2918 την
692 2835 841 2919 τοιαύτην
868 2837 969 2918 κρίοιν
992 2838 1071 2918 πρὸς
1094 2837 1166 2908 τοῦς
1191 2835 1317 2900 οἰκοδε-

41 2967 148 3035 ττῦτας
182 2971 247 3047 τῆς
277 2963 428 3044 προνοίας
450 2953 558 3034 αότυῦ,
588 2953 669 3021 ίόυτε
703 2960 884 3044 τηρηθῆναι
913 2953 1051 3042 ἀκριβῶς
1079 2959 1134 3044 τὴν
1167 2955 1317 3024 ὑπόθεσιν

40 3091 84 3150 καί
110 3085 290 3162 ἐξισυῦοαι
320 3079 444 3154 αὐτούς.
479 3082 695 3165 συναχθέντες
723 3087 798 3158 γοῦν
827 3077 964 3152 ἅπαντες
1000 3080 1030 3146 υί
1057 3087 1233 3166 κρείττονες
1262 3094 1318 3170 τῆς

40 3216 184 3292 προνοίας
214 3203 333 3281 αὐτοῦ,
360 3203 444 3268 ἀλλὰ
467 3205 506 3290 δὴ
530 3201 587 3268 καί
610 3201 626 3268 6
650 3205 780 3288 νομικός
809 3213 864 3266 τοῦ
890 3200 986 3270 αότοῦ
1011 3209 1128 3290 χωρίου
1152 3205 1316 3282 Νικόλαος

40 3333 125 3418 ἱερεὺς
158 3331 180 3397 6
215 3330 434 3414 Λαοδικηνδς,
463 3326 519 3392 καὶ
538 3325 660 3400 ἰδόντες
688 3328 723 3389 τό
751 3327 942 3405 παλαιγενές
966 3329 1135 3416 ἔγγραφον,
1164 3305 1201 3396 τό
1230 3337 1316 3418 παρὰ

1 3449 2 3494 ³
39 3466 82 3521 τοῦ
103 3457 237 3523 Πωλέα
270 3455 401 3532 γεγονός
425 3455 557 3516 καὶτοῦ
581 3449 648 3514 οἱοῦ
680 3447 776 3514 αότυῦ
808 3460 863 3516 τοῦ
894 3451 993 3536 Θωμᾶ
1025 3451 1163 3537 ἔκριναν,
1196 3454 1315 3530 ἀδίκως

38 3581 126 3658 λέγευι
155 3583 221 3644 τῶν
247 3575 383 3642 Πωλέαν
408 3579 462 3638 καί
487 3575 529 3659 μη
555 3573 643 3658 ἔχειν
672 3575 795 3638 δίκαιον
821 3571 852 3637 ἐν
878 3570 993 3648 αὐτοῖς.
1019 3573 1035 3640 6
1060 3577 1094 3640 δέ
1120 3599 1156 3657 γε
1182 3579 1314 3654 Πωλέας

38 3702 124 3769 ίκαί
172 3701 358 3786 ἀποκαρείς
395 3701 451 3762 καὶ
478 3697 614 3784 κληθείς
648 3695 787 3783 Ἱλαρίων
822 3695 941 3784 ἤθελον
980 3695 1099 3786 όμόυαι
1128 3701 1225 3767 ένεκα
1253 3715 1313 3768 τῶν

37 3830 102 3894 δέκα
132 3829 289 3894 έλαῑκῶν
316 3823 468 3908 δένδρων,
495 3822 571 3888 ίδιόν
601 3823 637 3886 δέ
661 3823 716 3910 τὴν
739 3822 860 3908 τόλμην
889 3818 988 3890 αὐτοῦ
1012 3823 1029 3890 6
1053 3824 1225 3914 ἐξάδελφος
1250 3825 1309 3892 αό-

38 3964 87 4034 ςιῇ,
110 3952 227 4040 ἱερεὺς
256 3947 274 4012 6
297 3945 506 4032 Μουζηθρᾱς,
538 3944 648 4033 εἴρηκε
671 3947 749 4030 πρός
774 3945 847 4019 τούς
875 3951 1039 4032 κρίνοντας
1063 3951 1117 4036 τὴν
1146 3946 1309 4028 ὑπόθεαιν,

38 4075 71 4140 ίκ
96 4078 137 4152 ἂς
172 4075 243 4161 ἔχῃ
271 4077 312 4137 τὰ
338 4072 420 4134 δέκα
448 4069 563 4155 δένδρα
585 4072 641 4134 καί
666 4071 708 4154 μη
739 4067 855 4154 δμόυη·
880 4070 910 4134 οἱ
933 4071 968 4135 δέ
997 4077 1155 4158 κρίνοντες
1186 4076 1306 4153 ἔλεγον,

1 4247 2 4288 ρ
38 4197 71 4266 ότι
88 4203 213 4268 ἄδικόν
236 4196 316 4272 ἐστι,
340 4199 397 4259 καί
424 4194 518 4260 πάλιν
545 4189 564 4257 6
590 4191 789 4279 Μοοζηθρᾱς
818 4193 909 4272 ἔλεγε
932 4198 1009 4280 πρὸς
1034 4193 1163 4270 αὐτοῦς,
1193 4196 1240 4260 ὅτι
1269 4197 1306 4270 ίις

39 4325 84 4412 ἔγη
109 4335 235 4400 ταῦτα,
261 4323 320 4385 καί
349 4316 388 4390 ἃς
416 4317 509 4402 λιίπη
538 4313 555 4381 6
577 4313 685 4403 ὅρκος,
715 4314 737 4382 6·
759 4317 798 4402 δὴ
828 4321 883 4381 καί
912 4322 1032 4397 γέγονε.
1057 4325 1112 4384 καί
1136 4322 1188 4384 διὰ
1212 4331 1304 4386 τοῦτο

1 4433 2 4510 ἶ
37 4455 118 4532 τρὶοις
143 4450 310 4530 έγεγόνει.
337 4445 377 4507 τὰ
401 4447 453 4505 νῦν
476 4440 512 4504 δέ
538 4442 660 4526 χρόνων
684 4439 957 4524 διαβιβαοθέντων
987 4441 1109 4508 εἴοκοοι
1132 4449 1188 4508 καὶ
1213 4457 1303 4530 τριῶν

38 4579 77 4638 ατί
97 4579 137 4642 τὰ
165 4577 226 4660 μέν
249 4569 359 4636 εἴκοσι
382 4563 496 4649 δένδρα
517 4561 666 4648 ἐνέμοντο
689 4567 775 4649 παρὰ
797 4571 851 4627 τοῦ
876 4567 1019 4649 γαμβροῦ
1043 4575 1098 4630 τοῦ
1122 4565 1302 4654 Μουζηθρᾶ

38 4710 114 4780 τοροῦ
143 4697 400 4764 Κωνοταντίνοο
431 4697 486 4754 τοῦ
510 4687 730 4772 Βοιλοβόντοο,
763 4693 801 4752 τὰ
825 4689 860 4752 δέ
885 4690 966 4752 δέκα
995 4695 1081 4776 παρὰ
1106 4702 1161 4756 τοῦ
1187 4699 1301 4780 μέρους

1056 4805 1069 4852 [ί
