3190 5284
247 230 289 294 92

243 421 353 488 ἵστατο
385 426 683 510 συγκεκολλημένον
713 425 758 498 εἰς
785 428 840 511 την
875 430 1002 512 κόγχην
1026 435 1080 512 της
1105 425 1296 512 έκκλησίιις,
1325 429 1365 489 τὰ
1393 426 1430 488 δὲ
1459 425 1529 488 δύο

248 547 339 612 ἔνδον
367 557 423 611 τοῦ
451 557 608 635 φραγμοῦ·
637 549 691 612 διὰ
719 552 780 632 γὰρ
810 557 901 613 τοῦτο
931 547 1072 628 ἐγεγόνει
1099 553 1156 613 καί
1179 553 1214 614 τὸ
1241 552 1341 634 παρόν
1364 544 1533 635 ἡμέτερον

247 675 380 757 γράμμα
413 670 471 736 καὶ
505 671 648 758 ίπεδόδη
683 674 726 757 τῷ
759 675 997 758 καθηγουμένου
1032 682 1088 760 τῆς
1123 674 1291 759 βασιλικῆς
1327 681 1425 759 μονῆς
1460 683 1533 735 τῶν

248 796 397 880 Λέμβοιν,
421 797 506 880 κυρῷ
528 794 709 880 Γερασίμιρ,
735 796 780 868 είς
803 799 838 861 τδ
867 801 1018 882 κατέχειν
1043 805 1142 860 ταῦτα
1165 793 1184 883 ἡ
1210 799 1340 882 τοιαύτη
1358 797 1436 882 μονὴ
1463 799 1533 859 καί

246 921 403 1002 νέμεσθαι
426 917 471 991 είς
500 920 572 991 τούς
601 917 671 1004 ἑξῆς
700 924 756 983 καί
784 921 940 1006 διηνεκεῖς
968 923 1109 1006 χρόνους.
1142 925 1265 1007 μηνί
1285 919 1339 985 ἀπ
1351 921 1482 1005 ριλλί
1499 943 1529 1002 q>

246 1041 324 1105 ὶνδ.
360 1047 522 1126 τρίτης
556 1047 585 1122 †.

334 1151 667 1246 ῒΝικώλαος-ίί
695 1165 833 1252 Ἀδάμ
860 1172 889 1246 †.

493 1395 630 1462 XXXVI.
648 1397 724 1462 Siue
740 1417 830 1477 ουυο,
849 1417 954 1476 meuse
970 1398 1101 1469 octobri.
1119 1397 1183 1464 ind.
1202 1398 1266 1464 XII.

577 1543 755 1598 monastario
770 1545 845 1598 ἀιιοα
861 1545 977 1599 arbom
992 1547 1193 1602 restituuntur.

334 1691 561 1780 †“Etsp0v
586 1692 881 1782 έμμτίρτυρυν
906 1701 1092 1784 γράμμα
1116 1705 1318 1762 τοπικῶν
1345 1695 1527 1780 ἀνδρώ-

245 1843 332 1885 ιτοιν
361 1824 498 1906 χάριν
527 1829 608 1902 τών
643 1817 1045 1884 ἀναρπασθέντων
1080 1821 1159 1884 δώο
1194 1821 1395 1905 δένδριον
1432 1817 1527 1884 ἀπὸ

247 1904 325 2007 τοῦ
354 1941 583 2014 Φοίνικος
612 1942 907 2016 δοναστικώς
937 1941 978 2008 οἱ
1006 1940 1239 2010 αὐθένται
1267 1939 1412 2008 αὐτῶν
1440 1947 1473 2023 †.

336 2089 356 2164 †
382 2083 498 2168 Μηνὶ
527 2080 764 2168 όκτονβρίῳ
790 2083 871 2148 ίνδ.
902 2081 1120 2170 ιβ’ἡμέρορ
1142 2082 1254 2171 ἕκτη
1282 2085 1525 2170 παρεδώκαμεν

247 2213 287 2273 τὰ
312 2205 427 2294 δένδρα
450 2211 488 2270 τὰ
515 2206 650 2291 πλησίον
679 2213 733 2292 τῆς
758 2215 856 2294 μανίης
880 2203 1018 2293 τοῦνομα
1046 2217 1101 2272 τοῦ
1126 2207 1278 2282 Φοίνικος
1301 2213 1357 2273 καί
1379 2209 1525 2295 πλησίον

246 2341 300 2398 τοῦ
329 2331 429 2410 Αεγα,
459 2325 537 2414 ἅπερ
561 2328 743 2396 ἀνέσπασαν
768 2329 798 2394 οἱ
822 2329 985 2416 ἄνθρωποι
1013 2341 1072 2395 τῶν
1097 2327 1259 2396 αὐθεντῶν
1282 2329 1385 2419 ἡμῶν,
1417 2330 1526 2419 ἤγουν

245 2456 360 2539 δένδρα
384 2455 450 2530 δύο,
474 2451 527 2516 ἵνα
551 2454 593 2540 μη
611 2451 660 2517 ἐπί
684 2453 779 2517 πλέον
802 2455 925 2539 ἔχωμεν
947 2459 1055 2540 κρίμα,
1080 2453 1286 2540 ἐπεδώκαμεν
1307 2463 1406 2519 ταῦτα
1428 2453 1524 2530 έντός

246 2586 300 2642 τοῦ
329 2575 503 2642 δοιώτυὶτοο
530 2572 722 2662 ἡγουμένου,
751 2587 848 2662 κοροδ
872 2577 1065 2656 Καλλίστου,
1090 2581 1225 2643 καὶτοῦ
1250 2577 1435 2664 οἰκονόμου,
1460 2589 1524 2644 τοῦ

220 2699 507 2799 γμυναχυδΣοίβα,
531 2703 587 2766 καί
603 2698 715 2786 ἑτέρων
740 2711 899 2787 μοναχών,
917 2705 973 2766 καί
996 2701 1051 2766 διὰ
1074 2703 1108 2766 τὸ
1135 2701 1315 2780 ἀξιόπιστον
1332 2699 1523 2789 δπεγράψοι-

246 2845 302 2912 μεν
326 2829 382 2889 καί
401 2820 491 2910 ἡμεῖς
516 2819 532 2886 ὅ
557 2847 589 2888 τε
607 2823 769 2908 Θεόδωρος
793 2821 991 2910 δΜαρτῖνος,
1016 2824 1172 2912 Γεώργιος
1196 2823 1398 2910 δΚακαβᾶς,
1423 2825 1521 2892 Λέων

246 2947 443 3035 ὁἈρμένης,
457 2945 554 3019 Ξένος
567 2943 583 3010 δ
596 2946 767 3031 Κακαβᾶς,
783 2946 947 3022 Νικόλαος
961 2945 976 3013 δ
989 2947 1158 3032 Κακαβᾶς,
1172 2953 1228 3014 καί
1241 2947 1447 3036 ἐπεδώκαμεν
1461 2953 1521 3038 την

244 3081 408 3159 παροῦσαν
428 3067 517 3159 ἡμῶν
543 3069 739 3156 έμμοίρτυρυν
760 3072 936 3156 παράδοσιν
956 3074 1034 3158 πρὸς
1055 3072 1109 3156 τὴν
1127 3073 1224 3158 μονὴν
1248 3083 1308 3138 τών
1332 3071 1469 3158 Λέμβυυν
1488 3079 1520 3155 γ.

470 3301 620 3368 XXXVII.
639 3302 715 3368 Sine
731 3319 822 3378 ευιο,
839 3321 947 3368 mense
963 3299 1114 3381 ianuario,
1131 3299 1198 3368 ind.
1215 3301 1295 3368 XIII.

436 3449 606 3506 Ίλακεοτίίυ
622 3455 695 3506 imur
710 3451 878 3506 Μὶοόαέίιικ
893 3445 1048 3506 Ρὲίνίίιοιιι
1063 3462 1089 3504 οι
1103 3453 1316 3506 monasterium.

335 3597 566 3688 †⁰Eespov
596 3604 977 3689 συμβιβαστικὸν
1006 3607 1193 3688 γράμμα
1226 3605 1521 3689 στρατιώτου

245 3724 480 3811 Γεωργίυυ
515 3734 590 3789 τυδ
626 3725 858 3812 Πετρίυζη
894 3723 1222 3799 ἀπολύσαντος
1258 3723 1399 3790 αὐτοῦ
1434 3727 1519 3813 τήν

246 3850 568 3937 διαφέρουσαν
597 3847 714 3936 αὐτῷ
748 3848 1011 3938 ἀδελφικὴν
1047 3851 1218 3936 μερίδα
1246 3849 1313 3923 εὶς
1341 3851 1388 3914 τὸ
1415 3871 1539 3946 πενρ

245 3976 443 4059 δερικόν
486 3968 626 4038 αὐτοῦ
669 3973 963 4058 περιβόλιον,
1003 3971 1098 4038 ἀνθ’
1143 3968 1281 4058 οὗπερ
1331 3971 1517 4062 ἐδέχθη

245 4095 581 4182 ἆμπέλιοντυῡ
611 4095 694 4162 ἀπὸ
724 4106 800 4160 τοῦ
830 4105 1039 4182 μοναχοώ
1068 4095 1429 4178 Σκοολλυίτυυβ.

626 4236 738 4317 Σίγνυν
838 4236 996 4322 Γεώργίυο
1021 4261 1117 4323 στρα-

627 4364 738 4426 τιώτου
766 4350 1004 4458 τοῦΙΠετρίπζη.

332 4507 353 4582 †
374 4501 490 4589 Μηνὶ
516 4501 804 4588 ίαννυοαρίιρ
827 4501 890 4566 κα’
915 4501 995 4566 ὶνδ,
1020 4499 1083 4581 ιγ’.
1104 4503 1284 4585 κατέλαβον
1301 4505 1356 4588 την
1372 4507 1516 4589 σήμερον

247 4624 278 4690 έν
295 4635 334 4712 τῇ
350 4627 511 4712 σεβασμίη
526 4627 676 4712 βασιλικη
698 4637 779 4711 μυνη
803 4637 862 4690 τών
883 4624 1018 4710 Λέμβυιν
1041 4623 1102 4702 ἐγώ
1125 4625 1281 4712 Γεώργιος
1301 4625 1318 4690 ὁ
1340 4626 1514 4714 Πετρίτζης
