3168 5274
274 249 338 314 296

274 441 394 524 περιόν,
419 441 474 504 καὶ
498 433 580 522 ήσαν
605 433 653 500 ὑπ’
679 432 775 522 αότήν
800 435 917 500 ἐκεῖναι
942 433 1005 500 οίον
1031 438 1226 520 τασσόμεναι
1249 437 1305 498 καί
1329 435 1403 517 πρὸς
1428 435 1540 519 ταύτην

275 561 318 636 ὡς
353 564 430 646 πρός
460 557 588 645 ἐναργὲς
615 561 818 644 παράδειγμα
848 560 1021 642 βλέπουσαι
1047 558 1209 630 πολιτείας
1236 553 1457 644 ήκριβωμένης
1486 580 1540 642 μο-

275 685 408 770 ναδικῆς
443 686 499 748 καὶ
533 685 694 768 κατάντην
730 677 972 768 ῥυθμιζόμεναι,
1009 679 1093 745 ἀλλὰ
1128 685 1233 766 χρόνῳ
1269 682 1465 766 μεθύστερον
1500 679 1541 752 είς

275 809 336 895 τήν,
359 817 419 872 τῶν
446 807 653 892 Κελλιβάρων
679 807 775 892 μονήν
804 801 922 892 εύρέθη
947 807 981 870 τύ
1007 814 1147 870 τοιοῦτον
1177 803 1464 891 ἀρχιμανδριτάτον
1490 827 1540 889 με-

273 934 420 1009 ταπεσόν,
447 927 489 1002 ὡς
514 928 577 1014 ἄρα
592 931 631 1016 δή
656 934 712 993 καί
738 935 900 1014 μετέπεσε.
925 932 980 994 καί
1005 929 1172 1015 ἐπειδήπερ
1201 927 1237 992 ἐκ
1266 929 1418 992 πλειόνων
1447 949 1539 992 κατε-

273 1059 380 1142 νυήθη
404 1066 443 1141 τη
466 1051 555 1141 ήμῶν
574 1057 762 1140 μετριότητι,
788 1051 830 1126 ὡς
853 1050 911 1118 ούκ
929 1053 973 1126 εἰς
997 1052 1170 1138 οἰκοδομήν
1195 1063 1254 1116 τῶν
1280 1049 1310 1116 ἐν
1335 1063 1401 1125 ταῖς
1428 1045 1538 1137 ῥηθεί-

271 1201 343 1252 σαις
373 1187 483 1264 μὀναῖς
519 1177 760 1262 ἐνασκουμένων
789 1181 912 1263 ψυχῶν,
942 1175 970 1239 εέ
998 1178 1040 1263 μή
1069 1180 1125 1240 καί
1151 1178 1231 1259 πρός
1258 1177 1451 1262 καθαίρεσιν
1480 1179 1537 1260 μά·
1565 1223 1566 1226 ¹

271 1305 366 1372 λιστα
393 1297 413 1388 ἡ
442 1305 631 1386 καινοτομία
661 1295 740 1385 αύτη
766 1298 883 1386 ἀπέβη,
909 1301 972 1365 δεῖν
998 1300 1120 1376 ἔδοξεν,
1146 1297 1199 1363 ἵνα
1233 1300 1269 1362 τό
1297 1309 1351 1363 τοῦ
1384 1296 1538 1385 ἀρχιμαν-

272 1427 419 1512 δριτάτου
449 1421 571 1510 ἀξίωμα
600 1436 638 1511 τη
667 1433 722 1488 τοῦ
757 1422 866 1502 Ἃγίου
902 1423 1032 1488 Παύλου
1061 1425 1222 1508 σεβασμίορ
1250 1434 1331 1510 μονή
1358 1427 1417 1487 καί
1447 1424 1536 1488 πάλιν

275 1545 468 1635 ἀποδοθείη,
496 1545 576 1612 ύστε
611 1551 667 1612 καὶ
703 1545 892 1634 ἀρχαιότητι
919 1547 999 1611 πολύ
1030 1550 1065 1611 τό
1094 1547 1244 1634 διαφέρον
1271 1547 1349 1632 πρός
1379 1542 1457 1611 αότύ
1485 1567 1536 1610 κε-
1565 1561 1566 1592 ³

272 1677 415 1759 κτημένη
439 1671 504 1736 κάκ
534 1683 593 1736 τῶν
619 1671 651 1735 ἐν
675 1673 774 1757 ταύτῃ
798 1672 833 1734 δὲ
857 1673 1122 1757 κατορθουμένων
1150 1669 1213 1744 έως
1240 1675 1296 1736 καί
1319 1681 1371 1736 νύν
1400 1670 1535 1757 πολυμε-

271 1803 382 1885 ρίστων
406 1793 463 1860 καὶ
485 1795 658 1860 πολυειδῶν
684 1805 814 1875 γενικῶν
847 1793 964 1881 ἀρετῶν
992 1796 1236 1880 προκαλουμένη
1260 1797 1337 1879 πρός
1364 1792 1480 1880 ἑαυτήν
1503 1796 1534 1856 τό

268 1926 355 2008 παρὰ
388 1931 483 1985 πᾶσιν
519 1918 694 2004 αἰδέσιμον.
736 1918 829 1983 ἔνθεν
865 1941 912 1982 τοι
949 1922 1004 1983 καὶ
1039 1917 1190 1998 ἐπανάγει
1226 1922 1281 2004 μὲν
1316 1915 1336 2005 ή
1372 1921 1533 2003 μετριότης

270 2041 359 2132 ήμῶν
383 2043 437 2108 διά
461 2052 515 2108 τοῦ
539 2046 694 2127 παρόντος
718 2039 944 2127 ύπομνήματος
972 2043 1026 2128 τήν
1052 2037 1206 2128 ῥηθεῖσαν
1236 2051 1291 2106 τού
1315 2039 1426 2121 Ἃγίου
1450 2041 1534 2106 Παύ-

271 2171 329 2232 λου
346 2169 442 2253 μονήν
466 2165 512 2239 είς
529 2161 604 2250 ὅπερ
629 2164 696 2251 είχε
719 2169 777 2230 καί
800 2175 861 2230 τῶν
882 2168 1003 2251 χρόνων
1029 2163 1154 2230 ἀνωθεν
1179 2167 1417 2252 σεμνολόγημα,
1443 2163 1533 2229 ἐπαν-

273 2295 345 2372 άγει
372 2292 408 2354 δέ
432 2287 494 2376 οὐχ
516 2286 611 2378 ήτιον
634 2293 690 2354 καὶ
713 2291 748 2354 τό
773 2299 827 2354 τού
852 2287 1029 2374 ἀξιώματος
1053 2291 1196 2374 γεραρόν,
1222 2285 1299 2353 ὃθεν
1324 2285 1383 2353 οὐκ
1409 2286 1443 2354 εύ
1467 2311 1533 2352 ποι-

272 2425 354 2500 ῆσαν
383 2418 629 2500 μετακεκίνητο,
657 2417 713 2478 καὶ
741 2414 912 2498 διορίζεται
940 2414 975 2476 τό
1001 2411 1080 2476 εἶναί
1103 2435 1136 2476 τε
1160 2416 1216 2476 καί
1247 2413 1424 2478 καλεῖσθαι
1449 2411 1533 2497 ἀρχι-

274 2539 444 2624 μανδρίτην
474 2536 511 2602 ἐκ
540 2547 595 2602 τοῦ
623 2540 777 2622 παρόντος
806 2535 851 2609 εὶς
879 2539 913 2600 τό
950 2534 1021 2623 ἐξής
1050 2539 1102 2600 τόν
1130 2539 1215 2602 κατὰ
1248 2533 1369 2623 ἡμέραν
1402 2533 1535 2623 ήγουμε-
1565 2571 1566 2574 ¹

271 2662 401 2725 νεύοντα
425 2659 457 2725 ἐν
474 2672 513 2750 τή
537 2663 666 2746 τοιαύτη
691 2668 745 2725 τού
768 2657 878 2740 Ἃγίου
894 2659 1023 2725 Παύλου
1048 2671 1139 2746 μονή.
1167 2658 1341 2747 ἀρξάμενον
1365 2656 1420 2725 ούν
1446 2656 1533 2730 αὖθις
1565 2731 1566 2734 ,

272 2781 334 2849 ἀπό
364 2794 419 2849 τού
453 2788 606 2871 σήμερον,
633 2794 832 2872 προεστῶτος
860 2777 957 2870 αότής
986 2791 1040 2846 τοῦ
1069 2787 1258 2868 τιμιωτάτου
1285 2782 1416 2849 Παύλου
1447 2786 1530 2872 ρημί,
1565 2807 1566 2812 ’

272 2906 385 2994 ἀνδρός
412 2909 523 2972 τούτου
551 2906 608 2974 καὶ
637 2911 720 2995 γήρορ
743 2911 799 2972 καί
822 2911 946 2972 συνέσει
972 2907 1165 2992 διαπρεπούς
1192 2911 1248 2972 καί
1273 2909 1530 2995 μετριυφροσόνης

241 3009 305 3096 ἐύ
341 3033 429 3118 μάλα
464 3029 684 3119 ἐξησκημένου
712 3035 768 3096 καί
803 3030 973 3118 ἀμέμπτως
1003 3033 1061 3119 βίω
1096 3035 1152 3096 καί
1180 3026 1340 3104 εὐτάκτως
1368 3033 1455 3106 τάξει
1481 3033 1530 3096 καί

270 3159 467 3220 καταστάσει
494 3160 550 3221 καί
574 3153 679 3241 ὥσπερ
703 3152 881 3241 ἀρχέτυπον
905 3165 960 3242 τής
983 3163 1038 3219 τού
1063 3157 1166 3220 καλοῦ
1195 3153 1346 3240 ἐργασίας
1367 3159 1530 3241 προκειμέ-

271 3301 325 3345 νου
354 3291 417 3353 τοίς
453 3277 571 3352 ἀτενῶς
599 3278 644 3352 εὶς
672 3273 767 3343 αὐτόν
803 3277 924 3365 δρῶσιν,
957 3277 1155 3362 ἐπιβαλεῖται
1190 3287 1264 3359 γοῦν
1295 3277 1486 3344 ἀπεντεῶθεν
1515 3275 1529 3340 ύ

269 3413 411 3476 τοιοῦτος
435 3405 683 3490 καθηγούμενος
707 3408 763 3467 καί
786 3401 1034 3488 ἀρχιμανδρίτης
1056 3401 1099 3486 τῷ
1125 3401 1374 3468 ἐπισκέπτεσθαι
1399 3407 1437 3468 τὰ
1460 3405 1530 3488 πρός

270 3522 374 3612 ὄνομα
401 3527 692 3612 διαληρθησόμενα
717 3527 867 3590 ἐνταυθοῖ
895 3529 1092 3612 μυναστήρια
1119 3529 1158 3589 τὰ
1180 3530 1237 3589 καί
1261 3524 1432 3614 όρείλοντα
1457 3525 1527 3589 εἶναι
1565 3581 1566 3596 ,

271 3645 329 3712 ύπό
358 3650 411 3734 τήν
437 3642 533 3712 αὐτού
557 3650 751 3735 διεξαγωγὴν
780 3651 836 3714 καὶ
858 3649 1060 3735 κυβέρνησιν,
1088 3645 1186 3735 ἤγουν
1209 3650 1264 3735 τήν
1289 3661 1348 3714 τῶν
1372 3649 1526 3732 Κελλιβέ-

270 3793 330 3856 ρων
356 3773 464 3858 μονήν,
488 3774 543 3860 τήν
567 3782 621 3838 τοῶ
646 3771 855 3858 Μυρσινῶνος,
880 3772 935 3858 τήν
959 3781 1015 3836 τού
1032 3771 1178 3851 Δυσικοῶ,
1204 3773 1258 3859 τήν
1282 3783 1342 3839 τῶν
1366 3773 1526 3860 Εὶρηνούν-

269 3917 339 3974 των,
369 3899 424 3984 τήν
452 3907 511 3962 τῶν
539 3897 683 3975 Κισσῶν,
719 3897 774 3982 τήν
803 3905 857 3960 τού
886 3895 1065 3982 Φαλακροῶ
1094 3895 1229 3974 Βουνού,
1261 3899 1315 3983 τήν
1345 3905 1399 3961 τού
1427 3895 1526 3975 Ἃγῖυυ

270 4020 424 4096 Ἰωάννου,
450 4021 497 4085 ἐτι
520 4022 575 4107 τήν
600 4029 655 4086 τού
678 4019 868 4106 Ἀσωμάτου
891 4018 963 4106 ήτυι
985 4022 1021 4084 τό
1044 4019 1152 4097 Βάτιν,
1177 4021 1232 4106 τήν
1256 4030 1310 4084 τοῦ
1334 4019 1526 4108 Ἀσωμάτυυ,

268 4139 334 4228 ἥτις
358 4139 375 4208 ύ
399 4143 511 4216 Βαθύς
534 4142 639 4230 Λιμήν
664 4140 886 4228 ἐπικέκληται,
915 4143 970 4229 τήν
994 4152 1049 4230 τής
1078 4141 1176 4228 Ἱερᾶς
1205 4141 1458 4232 όνομαζομένην,
1485 4143 1525 4207 ἔτι
1565 4217 1566 4226 ¹

268 4267 322 4351 τήν
347 4276 401 4330 τού
425 4267 614 4353 Ἀσωμάτσυ
637 4266 708 4354 ήτυι
732 4269 767 4331 τό
791 4265 1012 4352 Περιστέριον,
1037 4263 1079 4330 ὧν
1103 4271 1161 4331 καί
1184 4271 1319 4354 γνησίως
1343 4267 1524 4354 ἐπιμελήσε-

267 4413 318 4454 ται
342 4395 397 4455 καί
421 4388 535 4466 ὁσάκις
564 4389 602 4456 ἀν
625 4395 680 4456 καί
709 4393 834 4478 δεήσειε
863 4394 902 4455 τὰ
931 4400 1062 4456 τοιαῦτα
1093 4392 1343 4476 περιελεύσεται,
1367 4397 1422 4457 καί
1448 4391 1524 4455 κατὰ
1565 4419 1566 4422 “

266 4516 379 4598 καιρόν
404 4513 525 4601 ἑκάστη
551 4516 674 4600 μάνδρη
703 4524 762 4578 τῶν
786 4515 924 4594 λογικῶν
948 4523 1002 4580 τού
1026 4513 1162 4600 Χριστοῦ
1183 4517 1349 4600 προβάτων
1372 4515 1522 4602 προβαλεῖ,

268 4641 322 4702 καὶ
350 4643 388 4703 τά
412 4638 573 4724 χρήῖοντα
601 4639 806 4722 διορθώσεως
834 4641 1056 4724 διορθώσεται,
1082 4643 1137 4704 καί
1165 4642 1199 4704 τό
1228 4641 1369 4726 χωλευον
1396 4639 1521 4708 ἰάσεται,
