3238 5282
1279 257 1342 318 425

77 453 174 540 φίβον
203 453 283 516 θεοῦ
320 449 458 538 έσχενῆ
487 456 668 538 προέκρινεν
705 449 831 530 ἀγαθόν
861 473 888 516 τι
922 461 1054 536 ποιῆσαι
1078 451 1110 514 ὲν
1147 449 1189 533 τῴ
1213 452 1343 532 τοιούτῳ

76 573 181 664 ναιρῆ
207 578 323 660 μικρὰν
346 571 510 640 ἀνάκτισιν
534 579 590 640 καί
617 581 813 662 περιποίησιν
844 573 876 640 έν
905 587 969 648 τοῖς
997 575 1139 645 κελλίοις
1168 569 1264 638 αὐτοῦ
1294 571 1344 636 έν-

77 699 260 778 δείξοισθαι,
290 695 375 762 ἀλλά
403 697 460 762 καὶ
484 699 607 783 μᾶλλον
630 697 672 772 ὡς
698 701 738 785 μῆ
770 699 853 784 ἔχων
884 700 982 785 φόβον
1006 701 1087 762 θεοῦ
1111 695 1131 783 ἢ
1159 697 1346 782 αἰδούμενος

80 820 134 907 έμέ
159 824 212 886 τάν
239 820 393 908 ἀρχιερέα
417 817 513 886 αὐτοῦ
537 827 594 886 καί
616 827 737 894 πάντας
760 824 833 895 τούς
861 825 1073 907 καθορῶντας
1097 830 1201 898 τοῦτο,
1226 841 1346 884 παντε-

76 947 138 1020 λιῦς
172 942 310 1032 ἠφάνισε
345 949 402 1010 καί
429 948 482 1010 τῦν
519 949 574 1032 μέν
606 950 682 1012 ναῦν
707 945 949 1033 ἀποκατέστησε
986 947 1181 1029 βουκολεῐον,
1217 949 1273 1008 καί
1308 949 1348 1008 τὰ

78 1069 190 1134 κελλία
217 1074 321 1134 πάντα
349 1068 382 1144 ἐξ
407 1067 558 1155 ἀμελείας
582 1066 679 1134 αίτοῦ
704 1074 986 1152 καταπεπτώκασι,
1010 1073 1067 1134 καί
1089 1072 1124 1132 τῦ
1153 1067 1228 1132 ὅλον
1252 1067 1347 1131 εἰπεῖν

81 1193 123 1266 εἰς
145 1195 287 1280 παντελῆ
312 1191 470 1280 ἐρήμωσιν
500 1192 776 1281 ἀποκατέστησεν,
807 1190 843 1258 οῦ
867 1196 1015 1279 παρεῖδον
1040 1195 1095 1279 τῆν
1125 1190 1221 1258 αὐτοῦ
1249 1197 1347 1256 κακί-

80 1337 155 1404 στην
183 1316 369 1402 οἰκονομίαν
398 1322 454 1382 καί
480 1319 619 1404 παντελῆ
650 1316 820 1396 ἀπώλειαν,
846 1317 930 1383 ἀλλὰ
958 1319 1099 1402 διέκρινα
1127 1321 1207 1382 καθ’
1236 1316 1348 1380 ἑαυτὸν
1384 1303 1386 1310 ’

79 1443 183 1506 πολλὰ
210 1442 469 1528 διασκεψάμενος
499 1441 667 1508 ἀναθεῖναι
695 1446 747 1508 τόν
776 1465 809 1508 τε
838 1445 913 1508 ναὸν
941 1447 1062 1508 καὶτὰ
1089 1417 1204 1508 κελλία
1232 1445 1349 1506 καὶτὰ

81 1578 214 1630 παντοῖα
242 1567 365 1652 ἀρχαῖα
393 1567 504 1630 δίκαια
532 1570 588 1630 καί
614 1570 771 1653 προνόμια
806 1575 860 1630 τοῦ
889 1568 1033 1631 τοιούτου
1062 1569 1156 1630 θείου
1184 1569 1239 1628 καί
1264 1562 1348 1648 ἱεροῦ

82 1699 167 1766 ναοῦ,
190 1688 288 1776 ἤγουν
314 1691 353 1754 τὰ
376 1702 510 1754 παντοῖα
533 1687 723 1778 ἀπωροφόρα
746 1691 873 1774 δένδρα,
897 1692 932 1756 τό
957 1688 1177 1774 ἀμπελίτξιον,
1202 1689 1257 1774 τῆν
1281 1711 1349 1773 χω-

82 1817 230 1901 ραριαίαν
255 1823 313 1900 γῆν
338 1813 380 1900 τηῖ
402 1815 582 1900 δηλωθέντι
606 1817 855 1900 οεβασμιωτάτιρ
878 1818 934 1878 καί
957 1817 1236 1897 πανευηενεστοίτιρ
1261 1816 1347 1898 ψυχῆ

83 1960 116 2001 τε
143 1941 200 2002 καί
235 1941 359 2024 σώματι
386 1937 472 2024 κυριρ
494 1937 632 2026 Ἰωοίσαρ
655 1937 813 2024 Κομνηνιρ
836 1938 879 2024 τῷ
911 1937 1120 2024 Μαλιασηνηῐ,
1156 1937 1208 2013 ὡς,
1234 1934 1270 2002 ἀν
1305 1930 1345 2000 δι’

85 2059 204 2136 οἰκείας
240 2063 381 2149 σπουδῆς
416 2057 514 2128 αιίτοῦ
543 2067 598 2126 καί
627 2062 812 2150 οἰκονομίας
847 2085 880 2127 τε
916 2069 972 2128 καί
1008 2061 1124 2138 έξῦδων
1160 2061 1351 2146 ἀνακαινίση

86 2192 183 2248 ταῦτα
206 2189 263 2248 καί
285 2187 419 2260 καθέξει
443 2183 462 2273 ἡ
488 2185 648 2272 σεβασμία
671 2190 727 2252 καί
754 2185 830 2251 θεία
853 2191 909 2251 καί
933 2185 1003 2272 ἰερά
1030 2187 1246 2272 πατριαρχικη
1273 2187 1351 2270 μονὴ

90 2315 144 2370 τοῦ
172 2311 277 2393 τιμίου
300 2308 489 2394 Προδρῦμυυ
512 2319 568 2396 τῆς
590 2309 677 2384 Νέας
711 2310 849 2396 Πέτρας,
873 2307 893 2397 ῆ
918 2309 955 2375 έκ
980 2313 1111 2396 βάθρων
1147 2307 1249 2374 αὐτῶν
1278 2307 1353 2374 ἀνε-

90 2435 241 2516 γερθεῑσα
268 2433 309 2496 δι’
346 2431 470 2498 οἰκείων
499 2431 614 2506 ἰξόδων
639 2457 672 2500 τε
695 2439 751 2498 καί
780 2433 997 2520 ἀναλωμάτων
1027 2433 1138 2516 αὐτοῦ,
1163 2431 1207 2506 ὣς
1236 2432 1353 2498 οἰκεῖον

90 2550 186 2644 αὐτῆς
213 2565 323 2642 κτῆμα
352 2555 561 2646 ἀναφαίρετον
584 2563 641 2624 καί
665 2557 947 2624 ἀκαταῦοίιλωτον·
974 2561 1081 2624 πολλὰ
1110 2562 1180 2643 γὰρ,
1209 2556 1251 2631 ὡς
1280 2555 1354 2642 ὁρῶ,

89 2683 143 2742 καί
177 2677 271 2766 ’ἔτερα
306 2676 458 2767 εῦκτῆρια
489 2686 545 2746 καί
580 2693 710 2768 σεμνεία
745 2681 972 2770 ἀνηηέρθησαν
1007 2681 1079 2768 παρ’
1114 2681 1213 2748 αὐτοῦ
1248 2681 1357 2746 ἕνεκεν

90 2807 228 2890 ψυχικῆς
258 2799 354 2869 αἰτοῦ
382 2811 541 2891 σωτηρίας
568 2811 625 2870 καί
655 2809 857 2892 μνημοσῦνου
891 2807 1060 2892 διηνεκοῦς
1087 2817 1147 2871 τῦιν
1177 2804 1357 2890 ἰρθοδῦξων

91 2928 246 3009 βασιλέων
280 2932 336 2992 καί
370 2931 494 2994 πάντων
529 2940 589 2995 τῶν
618 2941 817 3014 χριστιανῦιν·
853 2933 904 2994 τὸν
935 2935 994 3015 γὰρ
1026 2931 1215 3016 δηλωθέντα
1250 2939 1357 2992 παπᾱν

89 3049 260 3117 Βασίλειον
296 3050 466 3117 ἀποδιώκω
501 3056 557 3116 καί
592 3051 768 3138 ἀποπέμπω
805 3051 866 3118 ἀπό
902 3063 957 3117 τοῦ
997 3055 1140 3118 τοιούτου
1176 3057 1267 3117 θείου
1302 3057 1359 3116 καί

91 3173 175 3260 ἱεροῦ
203 3185 281 3240 ναοῦ
305 3180 361 3240 καί
389 3187 449 3240 τῶν
472 3174 630 3241 παντοίων
654 3179 786 3240 δικαίων
820 3182 877 3240 καί
903 3182 1081 3263 προνομίων
1113 3174 1209 3242 αὐτοῦ
1238 3173 1280 3248 ὡς
1304 3177 1358 3239 λυ-

92 3309 196 3384 μεῶνα
230 3303 286 3364 καί
320 3302 564 3388 καταρρονητῆν
600 3311 660 3366 τῶν
694 3303 792 3366 θείων
827 3305 883 3365 καί
918 3299 1008 3385 ἱερῶν
1044 3305 1185 3365 κανόνων
1220 3304 1278 3363 καί
1315 3301 1357 3386 μῆ

91 3421 208 3508 ἔχοντα
232 3423 331 3511 φόβον
355 3421 434 3488 θεοῦ
458 3421 477 3510 ῆ
503 3421 690 3509 αἰδούμενον
719 3421 791 3497 τοῦς
815 3427 1025 3510 καθορῶντας
1050 3425 1105 3509 τῆν
1135 3421 1230 3488 αὐτοῦ
1256 3423 1358 3511 ἅχρη·

92 3567 165 3610 υτον
185 3547 306 3632 πρᾶξιν,
329 3545 367 3632 ἣν
390 3543 579 3632 διεπράξατο
597 3545 628 3612 ἐν
653 3547 695 3633 τῴ
716 3549 896 3634 δηλωθέντι
911 3547 977 3634 ναῷ
1001 3557 1057 3635 τῆς
1081 3548 1254 3634 ὑπεραγίας
1278 3552 1359 3612 θεο-

91 3673 199 3746 τόκου,
219 3673 277 3734 καί
300 3665 452 3734 οὐδέποτε
477 3670 631 3756 τολμήσει
654 3671 796 3757 λαλῆσαι
819 3670 838 3758 ἢ
862 3675 1104 3759 παρενοχλῆσαι
1133 3684 1171 3759 τῆ
1197 3683 1278 3758 μονη
1304 3679 1358 3735 τοῦ

90 3792 280 3879 Προδρὸμου
300 3793 408 3860 ἕνεκεν
426 3803 481 3858 τοῦ
498 3795 701 3880 δηλωθέντος
717 3805 795 3859 ναοῦ
812 3805 867 3882 τῆς
883 3792 1057 3881 ῦπεραηίας
1081 3799 1251 3878 θεστάκου,
1272 3795 1300 3860 εἰ
1318 3797 1360 3880 μη

92 3918 243 4000 βούλεται
267 3917 348 3982 εἶναι
376 3916 596 4006 ἀφωρισμένος
625 3917 684 3994 ἔξω
712 3922 818 4004 ποίσης
847 3917 1024 4006 ἐκκλησίας
1059 3925 1116 3984 καί
1143 3929 1362 4006 χριστιανικῆς

94 4038 289 4127 δμηηύρεως.
320 4039 388 4106 έπεί
411 4042 446 4105 δέ
471 4045 527 4105 καί
551 4043 604 4105 διὰ
633 4044 725 4106 θείου
749 4046 805 4106 καί
831 4053 1050 4129 προσκυνητοῦ
1087 4043 1253 4126 βασιλικοῦ
1282 4062 1361 4128 χρυ-

95 4166 274 4248 σοβοῦλλοο
302 4165 399 4244 λόγου
423 4163 646 4251 έπεβραβεῦθη
675 4163 692 4230 ὁ
716 4166 875 4252 δηλωθείς
899 4169 989 4241 θεῖος
1017 4171 1072 4232 καί
1101 4165 1184 4252 ἰερῦς
1208 4169 1284 4240 ναῦς
1307 4174 1362 4252 τῆς

91 4285 263 4376 ἀπεραγίας
298 4291 458 4354 θεοτόκου
493 4299 531 4375 τῆ
560 4289 747 4375 δηλωθείση
779 4293 836 4373 νέα
864 4299 945 4376 μονῇ
975 4301 1029 4354 τοῦ
1065 4289 1252 4376 Προδρόρου
1284 4293 1362 4374 μετὰ

93 4417 148 4478 καί
170 4395 241 4479 τῶν
257 4412 363 4478 ἄλλων
386 4415 541 4476 παντοίων
576 4423 712 4490 γονικιῦν
742 4409 840 4478 αὐτοῦ
874 4403 1045 4499 κτημάτων
1073 4419 1129 4479 καί
1156 4418 1363 4499 προαστείων,

95 4535 215 4625 δρείλει
242 4538 394 4612 καθέξειν
423 4539 476 4600 τάν
501 4544 643 4600 τοιοῦτον
666 4533 786 4624 ναῦνῆ
815 4536 1000 4624 δηλωθεῖσα
1029 4541 1109 4626 μονῆ
1138 4547 1192 4603 τοῦ
1221 4537 1365 4624 Προδρῦ-

95 4685 153 4746 μου
189 4660 234 4736 εἰς
270 4662 370 4727 αἰῦνοι
404 4661 456 4724 τάν
492 4655 618 4722 ἅπαντα
654 4655 865 4733 ἀδιασείστως
900 4664 1000 4748 πάντη
1035 4669 1092 4729 καί
1131 4662 1361 4750 ἀνενοχλῆτως,
