3140 5306
262 259 327 322 204

265 459 321 537 τῆς
349 445 553 534 ύπερενδύξου
581 449 741 514 δεοτύκου
768 450 826 512 καί
848 455 955 533 πρῶτα
979 449 1036 534 μέν
1064 452 1119 510 τού
1144 442 1347 530 ἐξυρνείσθαι
1369 443 1402 508 τύ
1428 443 1538 519 θεῖον,

266 567 328 638 εἶδ’
365 568 464 646 ούτως
497 568 734 658 ύπερεύχεσδαι
767 573 884 644 παντὸς
919 578 973 636 τού
1008 570 1227 656 χριστωνύμου
1262 570 1319 632 καί
1354 561 1540 654 ἀρύοδύξου

264 695 483 783 πληρώματος,
509 694 575 760 ἐπεί
598 699 655 760 καί
678 694 717 759 δι’
741 691 945 781 ὑπομνήσεως
969 701 1036 772 σού,
1061 701 1115 757 τού
1132 691 1389 775 θεοσεβεστάτου
1412 687 1539 776 ἱερέως,

264 825 343 906 πρὸς
370 823 424 884 τύν
459 815 618 906 αύύέντην
645 815 734 906 ἡμῶν
761 821 814 883 τὸν
843 817 981 900 βασιλέα
1009 814 1207 890 ἀπελθόντος
1234 818 1291 883 καί
1316 816 1540 900 πορισαμένου

265 945 355 1010 δείον
376 949 432 1012 καί
455 947 675 1032 τροσκυνητύν
695 943 825 1032 ύρισμύν
842 953 897 1009 τού
921 941 1134 1030 ἀνεγερθῆναι
1155 945 1243 1028 παρὰ
1266 947 1326 1004 σου
1347 941 1401 1004 τὸν
1425 945 1541 1003 τοιού-

266 1089 319 1134 τον
348 1064 522 1156 εύκτηριον·
559 1069 614 1133 σύν
643 1063 728 1154 αύτῷ
756 1065 810 1136 σύν
839 1065 1025 1154 έκδιδούμέν
1056 1089 1106 1130 σοι
1132 1069 1189 1132 καί
1216 1066 1251 1130 τὸ
1286 1062 1540 1152 ἀρηροοίμπελον

265 1195 301 1256 εδ
326 1190 388 1258 ἀπὸ
413 1194 611 1280 μεσημβρίας
627 1193 828 1279 διακείμενον
852 1201 907 1259 τοῦ
931 1189 1230 1278 ἀνεγερδησομίνου
1245 1196 1334 1268 ναοῦ,
1359 1183 1437 1274 ὅπερ
1467 1186 1539 1250 ένί-

220 1299 224 1306 ’
267 1339 343 1402 μετο
358 1314 478 1402 Μαρία,
502 1313 521 1402 ἡ
540 1313 723 1405 αύταδέλρη
748 1325 804 1380 τού
822 1319 1168 1402 προαναγεγραμμένου
1186 1322 1330 1401 μοναχυύ
1349 1311 1540 1386 Ματθαίου,

266 1437 332 1503 οἷον
356 1443 411 1503 καί
436 1436 510 1504 ὅσον
535 1438 628 1519 ἐστίν,
654 1439 730 1526 ἔχον
754 1443 812 1504 καί
840 1433 979 1524 ῥιζάριον
1005 1437 1037 1504 έν
1062 1443 1148 1525 μέσῳ
1177 1447 1232 1502 τού
1256 1436 1441 1529 τροχάλλυυ
1468 1456 1539 1522 μου,

268 1567 325 1627 καί
348 1561 424 1626 διδῶ
447 1567 503 1628 καί
532 1559 608 1628 αὐτὸ
630 1561 674 1636 είς
697 1563 751 1650 τήν
777 1561 965 1651 ἐκκλησίαν,
990 1565 1025 1627 τύ
1049 1559 1085 1627 δέ
1109 1583 1145 1642 ηε
1169 1567 1333 1650 χωροίριον
1356 1557 1460 1648 ἤγουν
1485 1559 1541 1643 την

269 1687 383 1772 μερίδα
411 1697 466 1753 τού
494 1687 638 1774 Πονηρού
666 1695 764 1771 κορού
792 1681 940 1752 Ἰωάννου
964 1681 1063 1761 ούτως
1092 1683 1245 1772 έκδίδωμι
1269 1681 1361 1750 αύτύ·
1398 1682 1540 1770 ἄρχεται

269 1808 330 1875 ἀπὸ
358 1819 413 1898 της
443 1815 542 1897 μέσης
570 1819 630 1874 τῶν
658 1808 843 1896 οἰκημάτων
879 1818 934 1873 τού
960 1805 1106 1897 μοναχού
1133 1803 1305 1876 Ματθαίου
1328 1817 1384 1873 τού
1413 1808 1541 1874 Χαύτου

267 1937 324 1998 καί
347 1931 520 2021 ἀπέρχεται
542 1929 612 1998 κατ’
634 1932 770 2020 ίσότητα
794 1931 856 1997 ἀπύ
881 1931 1017 2018 ἄρκτου,
1049 1929 1182 1998 ύπιοδεν
1206 1933 1242 1996 δέ
1265 1941 1326 1996 τῶν
1351 1929 1540 2019 οίκημάτων

267 2065 321 2122 τού
349 2055 498 2146 Πονηρού
528 2055 615 2144 ἔχειν
644 2060 700 2124 καί
722 2056 888 2130 δεσπόζειν
911 2051 931 2143 η
957 2053 1119 2144 ἐκκλησία
1144 2055 1366 2132 εὶσυδοέξοδυν
1389 2053 1539 2144 ἀμαξίου,

266 2183 301 2244 τύ
325 2180 361 2244 δὲ
384 2178 495 2266 ἕτερον
519 2182 682 2269 χωράριον
707 2177 769 2246 ἀπὸ
794 2177 953 2270 ἀνατολῆς
977 2177 1044 2246 ἐστι
1066 2189 1126 2246 των
1149 2180 1413 2267 Χαμοκριτοίδων.
1444 2182 1482 2246 τύ
1505 2179 1540 2242 δὲ

266 2301 419 2391 ἡμέτερον
448 2299 545 2376 ούτως
575 2301 763 2390 έκδιδούμεν
799 2299 875 2370 αύτό
905 2299 982 2392 ύπὲρ
1012 2307 1152 2392 ψυχικῆς
1178 2300 1267 2392 ἡμῶν
1298 2307 1457 2392 σωτηρίας
1484 2303 1539 2366 καί

267 2430 364 2515 χωρίς
391 2429 474 2500 τινός
507 2428 623 2512 βάρους
657 2430 714 2490 καί
748 2430 950 2514 συζητησεως
982 2432 1039 2492 καὶ
1068 2425 1239 2513 ἐλεύθερον
1264 2424 1327 2494 ἀπὸ
1349 2431 1459 2514 πάσης
1483 2429 1538 2490 καί

268 2554 420 2624 παντοίας
449 2547 611 2636 ἐπηρείας,
642 2547 726 2615 ἀλλά
754 2553 810 2614 καί
837 2545 854 2614 ὁ
878 2551 1081 2636 δωρούμενος
1106 2553 1238 2616 δύναται
1266 2547 1309 2626 ὡς
1333 2551 1371 2616 ἀκ
1396 2571 1537 2640 μεταμε-

270 2674 359 2750 λείας
386 2675 530 2738 θανάτου
559 2673 663 2747 αίτίας
687 2671 871 2760 ἀνατρέπειν
895 2675 949 2761 τὴν
978 2675 1114 2760 δωρεὰν,
1143 2673 1237 2739 ἄλλοι
1259 2676 1295 2740 δέ
1318 2679 1374 2742 καί
1402 2685 1459 2741 τού
1483 2677 1534 2739 νύ·

271 2817 332 2884 μου
355 2807 410 2861 τού
434 2795 663 2882 ἀνατρέποντος
686 2800 742 2871 τὰς
765 2798 887 2884 δωρεὰς
912 2800 969 2871 τὰς
986 2793 1061 2884 ὑπὲρ
1085 2802 1124 2862 τὰ
1144 2801 1339 2864 πεντακόσια
1355 2805 1538 2890 νομίσματα

273 2921 503 3007 τυγχανούσας,
529 2916 599 2984 ἀλλ’
627 2917 719 3007 ἡμεῖς
748 2927 784 2985 σέ
813 2923 865 2985 τύν
894 2920 1072 3007 μετάμελον
1108 2917 1274 3007 ἀνείλομεν
1304 2925 1459 3009 σήμερον,
1484 2925 1537 2985 καί

273 3042 423 3109 ούδέποτε
451 3047 653 3130 χωρηδύμεν
684 3046 762 3129 πρὸς
797 3039 974 3131 ἀνατροπὴν
1008 3053 1067 3131 τῆς
1091 3047 1254 3132 παρούσης
1281 3041 1374 3133 ἡμων
1405 3046 1535 3132 δωρεάς,

273 3167 357 3232 ἀλλά
380 3173 532 3255 κατέχειν
554 3170 589 3232 τύ
614 3163 691 3231 αὐτὸ
716 3163 881 3253 εύκτήριον
912 3163 1158 3242 έξουσιαστικῶς
1181 3173 1239 3233 καί
1261 3179 1457 3267 μονομερως,
1483 3173 1536 3254 μέ-

272 3313 344 3378 χρις
372 3289 410 3358 ἀν
439 3289 458 3356 ὁ
484 3293 563 3364 θεὸς
586 3293 621 3355 τύ
646 3295 703 3376 ζην
731 3291 869 3379 δωρητοί
898 3314 962 3373 σοι,
993 3293 1035 3378 μή
1065 3296 1161 3378 μόνον
1196 3288 1234 3357 ού
1263 3293 1305 3380 μη
1334 3292 1535 3358 εἰσακούεται

274 3413 526 3502 ὲμρανιζομύνου
554 3423 608 3478 τού
635 3412 707 3498 παρ’
737 3409 824 3500 ἡμων
854 3417 1023 3494 γεγονότος
1052 3417 1226 3503 ίηηροίρου,
1257 3415 1341 3482 ἀλλὰ
1364 3421 1421 3482 καί
1447 3419 1536 3502 δόξης

271 3543 445 3624 προστίμου
469 3535 633 3604 ύπύκειτοι
657 3541 856 3624 νομισμάτων
881 3533 1064 3624 ύπερπύρων
1090 3539 1133 3612 είς
1157 3541 1192 3603 τὸ
1217 3541 1386 3623 βασιλικὸν
1410 3543 1537 3625 βεοιιά-

274 3680 340 3745 ριον
368 3661 480 3746 λίτραν
502 3665 586 3746 μίαν
612 3663 668 3725 σύν
693 3663 814 3732 τούτοις
838 3665 895 3725 καί
918 3665 974 3734 τὰς
999 3659 1079 3748 ἀράς
1101 3659 1164 3738 έΕει
1187 3684 1217 3728 κ.
1242 3687 1268 3728 ε.
1293 3663 1319 3729 έ.
1345 3669 1453 3751 μηνί
1475 3665 1533 3727 δε-

274 3783 782 3870 κεβρίιρίνδπέμπτης
807 3791 884 3847 τού
910 3787 1035 3871 Ιςψνε’
1063 3785 1250 3869 ἔτουςῒ.

362 3907 459 3988 Σίηνα
484 3909 658 3995 μαρτύρων·
683 3905 781 3971 Ξένυυ
805 3917 860 3974 τού
883 3907 989 3989 Λεηᾶ,
1014 3909 1157 3975 Ἰωάννου
1181 3920 1237 3975 τού
1260 3910 1406 3997 Μαύρου,
1429 3909 1533 3995 Γεωρ-

276 4039 346 4113 ηίου
369 4042 428 4097 τού
447 4031 720 4118 Γουναροπούλου.

363 4157 653 4243 ’[Θεύδωρος,
679 4155 936 4240 ίερεύςκαί
960 4155 1534 4246 νομικύςτήςοῖηιωτάτητ

277 4284 614 4370 μητροπόλεως
648 4278 860 4365 Σμύρνης
892 4285 971 4343 καί
1010 4279 1198 4366 ένορίας
1232 4277 1535 4362 Μανταίας,ύ

275 4405 555 4482 Κάλλιστος,
580 4399 1180 4490 καίηράραςύπέγραψαμ

363 4528 445 4611 †‘0
475 4525 670 4614 εύτελὴς
698 4523 1006 4615 ἀναηνιύστης
1033 4527 1274 4614 Γεύργιος,
1300 4526 1316 4592 ὁ
1342 4529 1532 4605 υἱὸςτυύ

276 4665 574 4739 πρωτοπαπᾶ,
616 4649 774 4732 οίκείη
812 4657 938 4735 χειρί
977 4647 1182 4725 ὑπέταξα
1220 4657 1249 4733 †.
1289 4658 1309 4734 †
1357 4649 1384 4720 0
1424 4653 1532 4720 εύτε-
