3238 5282
1244 269 1311 338 413

58 483 144 546 γητον
169 463 318 542 ἔκπαλαι,
342 469 444 552 πάντη
468 462 668 553 ἠμελημένον
692 471 747 534 καί
772 467 814 552 μή
839 465 915 552 ἔχον
939 465 1032 528 λίθον
1056 462 1253 546 ἐπικείμενον
1277 457 1310 524 ἐν

56 598 87 672 τη
110 591 242 674 τηρήσει
265 584 377 665 αὐτοῦ,
402 592 436 654 τὸ
461 588 494 654 ἐν
518 602 556 676 τῇ
585 593 761 673 τοποθεοίη
787 594 843 654 καί
866 598 1004 674 περιοχή
1031 587 1231 671 διακείμενον
1254 593 1310 670 τής

56 709 303 796 ἀμυανουβαίνης
338 717 419 796 μετὰ
453 717 509 778 καί
542 716 724 798 περιαυλίυυ
754 724 811 800 γής
839 723 894 798 της
922 713 1072 796 τετάρτης
1102 709 1243 796 μερίδος,
1274 709 1311 772 τὸ

56 838 104 895 καί
126 835 259 918 πλησίον
283 830 394 906 αὐτοῦ,
420 833 495 900 ὅσον
523 839 578 900 καί
601 835 666 902 οἷον
690 836 768 914 ἐστί,
797 848 942 920 κρεῖσσον
970 830 1182 920 ἡγησάμενοι,
1198 831 1308 899 ἐκπυτ-

56 961 194 1040 ήσαοθοιι
227 961 261 1022 τὸ
289 969 431 1026 τοιοῦτον
466 961 597 1043 μυλικόν
632 959 843 1045 ἐρεισοτόπιον
879 957 929 1024 ἐπί
962 959 1130 1042 διαπράαει
1162 954 1308 1020 παντελεῖ

56 1087 105 1144 καί
128 1083 181 1145 διά
204 1091 259 1146 τοῦ
284 1086 458 1166 τιμήματος
482 1085 592 1148 τούτου
616 1087 735 1170 θρέψαι
758 1087 813 1148 καί
837 1081 922 1170 ἡμᾶς
946 1078 1061 1155 αὐτοὺς
1084 1079 1141 1144 καὶ
1164 1082 1203 1144 τά
1226 1075 1305 1164 ἀνή-

54 1205 124 1268 λικα
147 1211 252 1270 τέκνα.
278 1215 369 1270 τοῦτο
393 1215 467 1285 γοῦν
494 1217 625 1292 ποιῆσαι
649 1203 874 1293 διανοηθέντες
901 1205 1127 1291 προσήλθομεν
1152 1199 1220 1288 όμῖν
1243 1213 1306 1276 τοῖς

54 1332 346 1407 πονευγενεστάτυις
375 1325 542 1414 όμοξόγοις
566 1333 646 1416 μετὰ
669 1331 901 1416 παρακλήσεως
925 1326 972 1394 ὅτι
994 1329 1130 1416 πολλῆς,
1158 1329 1307 1412 καὶπερὶ

54 1461 103 1536 εής
136 1450 331 1537 ἐκποιήσεως
370 1461 424 1515 τοῦ
462 1453 663 1538 δηλωθέντος
703 1455 837 1538 μυλικυῡ
876 1453 1084 1539 ἐργαστηρίου
1122 1451 1307 1534 δεδώκαμεν

53 1574 173 1658 εἰδησιν.
202 1579 259 1638 καί
288 1573 354 1638 ἐπεί
378 1571 509 1661 εὕρομεν
538 1574 620 1662 ἀμάς
644 1575 788 1662 έτοίμους
811 1579 889 1662 πρός
917 1577 970 1662 τήν
999 1571 1154 1662 ἡμετέραν
1182 1577 1309 1660 γνώμην

55 1697 201 1771 θίλοντας
226 1697 449 1785 ἐξωνήσασθαι
472 1709 563 1764 τοῦτο
588 1699 673 1784 λόγῳ
693 1709 757 1786 τῆς,
783 1697 825 1774 ὡς
850 1700 980 1786 εἴρηται,
1005 1694 1219 1784 εάαγεστάτης
1242 1717 1306 1761 πα-

55 1831 230 1907 τριαρχικής
266 1831 364 1908 μονῆς
399 1818 482 1907 ὑμῶν
517 1833 570 1887 τοῦ
606 1827 707 1910 τιμίου
743 1822 870 1898 ἐνδόξου
904 1823 1094 1908 Πρυδρόμου
1127 1829 1182 1906 τής
1219 1817 1307 1892 Νέας

55 1943 169 2029 Πέτρας
195 1949 252 2009 καί
280 1946 586 2032 κοινολογησάμενοι
622 1943 793 2033 ἀμφότεροι
822 1947 950 2013 ἐνώπιον
981 1951 1036 2010 καί
1064 1955 1124 2010 των
1158 1945 1305 2008 κάτωθεν

55 2063 287 2154 ἀπογραήόντων
324 2066 509 2142 ἀξιοπίστων
545 2069 665 2156 ἀνδρῶν
699 2069 806 2156 ἱερέων
837 2093 869 2134 τε
904 2073 959 2134 καί
995 2071 1113 2134 λαῖκτῖν
1147 2071 1216 2153 περὶ
1248 2075 1305 2132 που

54 2195 222 2276 τιμήματος
258 2201 312 2256 τοῦ
348 2192 551 2276 δηλωθέντος
586 2191 798 2280 ἀνενεργήτου
837 2194 970 2278 μυλικοῦ
1008 2192 1218 2279 ἐργαστηρίου
1251 2195 1307 2259 καί

54 2319 126 2398 μετά
153 2319 276 2380 πάντων
302 2317 389 2396 [τῶν]
414 2317 544 2382 δικαίων
576 2321 632 2382 καί
654 2323 832 2402 προνομίαν
856 2311 953 2382 αὐτοῦ
987 2319 1237 2403 περιπατήσωμεν
1270 2318 1309 2382 τό

54 2441 155 2504 τούτου
190 2444 312 2526 τίμημα
341 2437 373 2513 ἐξ
402 2437 572 2522 ἀρεσκείας
607 2445 664 2506 καὶ
696 2439 881 2529 ἀμφοτέρων
915 2438 1003 2528 ήμόίν
1038 2451 1097 2506 τοῖν
1133 2450 1234 2526 μερῶν
1263 2438 1308 2517 τίς

52 2563 185 2628 δουιιάτα
218 2561 371 2640 είκοοιὲξ,
407 2563 428 2628 ἃ
455 2567 511 2628 καί
539 2564 698 2650 ἐλάβομεν
726 2562 817 2652 ἡμεῖς
846 2563 890 2640 εἰς
925 2569 980 2638 τάς
1009 2574 1119 2650 χεῖρας
1145 2561 1233 2650 ήμῶν
1261 2561 1306 2640 ὣς

53 2685 256 2773 κληρονόμοι,
283 2689 319 2750 τό
347 2681 374 2750 δ’
401 2683 573 2772 ὑπέρπλεον
602 2691 713 2775 τούτου
737 2687 1006 2776 ἀποχαριίόμεθα
1035 2685 1124 2774 ἁπλῷ
1145 2693 1201 2758 καί
1226 2685 1305 2772 ἀμε-

56 2813 212 2897 ταμελήτιμ
242 2809 284 2894 τῷ
315 2813 417 2896 τρόπῳ
452 2823 489 2897 τῇ
515 2812 700 2897 δηλωθείοη
724 2823 778 2877 τοῦ
807 2813 995 2897 Προδρόμου
1019 2823 1114 2900 μονή,
1143 2809 1205 2876 κᾶν
1229 2807 1306 2878 ὅσον

54 2932 108 3018 ἄρα
141 2934 321 3014 καίέστίν,
358 2933 385 2997 εὶ
412 2938 467 3000 καί
495 2938 529 3000 τό
559 2936 724 3000 διπλάσιον
759 2939 844 3000 κατὰ
877 2936 957 3000 πολό
986 2933 1178 3020 ὑπερβαίνει,
1214 2933 1304 3020 άδή

53 3057 186 3122 δουκάτα
211 3057 346 3132 εἰκοσιέξ
370 3057 431 3124 ἀπὸ
456 3069 515 3122 τῶν
540 3069 601 3124 σιῐιν
625 3069 738 3145 χειρῶν
762 3069 816 3126 του
841 3055 997 3124 αόθένιου
1020 3055 1107 3146 ἡμων
1131 3066 1186 3122 τοῦ
1209 3056 1303 3144 Κομ-

52 3191 137 3265 νηνυῡ
161 3184 313 3265 λαβόντες
337 3181 382 3254 εἰς
405 3186 461 3255 τάς
481 3178 636 3268 ήμετέρας
660 3193 769 3268 χεῖρας
787 3181 917 3248 ἐνώπιον
940 3186 997 3248 καί
1019 3192 1078 3246 τῶν
1100 3179 1304 3266 ἀναγεγραμ-

53 3309 141 3386 μένων
172 3305 334 3390 μαρτύρων
364 3303 496 3391 ἀληθῶς
525 3310 580 3370 καί
607 3307 684 3391 δίχα
713 3304 903 3392 ἀναργυρίας
927 3305 1140 3392 οἱασδήτινος,
1162 3305 1304 3392 παραδε-

53 3429 191 3516 δώκαμεν
226 3431 283 3493 καί
316 3425 405 3514 ἡμεῖς
442 3427 634 3494 ἀπεντευθεν
668 3433 724 3494 καί
760 3429 821 3494 ἀπό
856 3440 911 3516 τής
950 3434 1087 3516 σήμερον
1114 3432 1193 3512 πρὸς
1221 3424 1303 3514 ἀμάς

52 3554 114 3626 τοὺς
141 3557 447 3632 πανευγενεστάτους
476 3552 652 3638 ὁμοίόγους
680 3559 735 3620 καί
757 3557 833 3640 πρός
862 3558 897 3619 τό
921 3551 995 3618 ὅλον
1024 3559 1118 3640 μέρος
1141 3559 1197 3620 καί
1219 3554 1303 3641 πλή-

52 3697 132 3760 ρωμα
160 3665 215 3762 τής
239 3678 442 3762 δηλωθείσης
467 3687 564 3762 μονής
588 3687 642 3744 τοῦ
663 3677 852 3764 Προδρόμου
876 3689 931 3768 τής
953 3677 1041 3752 Νέας
1065 3677 1197 3763 Πέτρας,
1223 3675 1240 3742 ὅ
1263 3679 1303 3764 δή

53 3802 173 3881 μυλικόν
197 3800 405 3886 ἐργαστήριον
434 3799 470 3864 ἐκ
493 3801 637 3866 παλαιῶν
662 3806 782 3888 χρόνων
807 3801 1015 3889 ἀνενέργητον
1042 3807 1123 3888 μετὰ
1145 3806 1201 3866 καί
1222 3805 1303 3866 πάν-

52 3944 100 3986 των
128 3935 189 3988 τῶν
224 3928 400 4009 προνομίων
429 3921 526 3990 αὐτοῦ
555 3929 611 3990 καί
644 3923 801 4002 καθέξετε
836 3928 892 3992 σόν
921 3927 963 4013 τῷ
990 3931 1079 4012 μέρει
1113 3935 1169 4012 τής
1205 3933 1303 4011 μονῆς

52 4043 103 4112 ἀπό
128 4057 183 4113 τοῦ
206 4058 259 4114 νῦν
294 4051 350 4114 καί
377 4047 421 4122 εἰς
453 4049 522 4124 τοὺς
551 4047 622 4136 ἑξῆς
651 4047 793 4123 ἅπαντας
816 4055 949 4138 χρόνους
975 4057 1032 4116 καί
1060 4056 1173 4137 μέχρις
1201 4047 1238 4115 ἂν
1266 4052 1303 4116 τό

51 4181 101 4234 τάν
138 4171 349 4258 περιΐσταται,
386 4177 514 4257 κυρίως,
551 4169 748 4246 αὐθεντικιῖς
783 4177 838 4238 καί
869 4173 1110 4250 ἀνεπικωλύτως
1140 4177 1197 4238 καί
1227 4171 1304 4259 ἄτερ

51 4298 123 4368 τινός
146 4298 267 4368 δόσεως
292 4297 402 4369 τέλους
425 4301 481 4360 καί
505 4299 636 4381 βάρους,
660 4307 824 4370 ποιοῦντες
849 4295 894 4362 ἐπ’
925 4295 1009 4384 αὐτῷ
1032 4296 1083 4363 οἷα
1107 4299 1223 4384 βουλῆς
1246 4301 1303 4390 καί

52 4419 206 4504 θελήσεως
235 4421 327 4506 ἔχετε
363 4425 419 4484 καί
447 4418 499 4484 οἶα
523 4417 553 4484 υἱ
576 4424 660 4484 θεῖοι
693 4423 749 4484 καί
776 4421 970 4507 ριλευσεβεῖς
997 4425 1089 4507 νόμοι
1117 4419 1303 4508 ἐκκεχωρή·

53 4561 118 4607 κασι
151 4555 249 4608 ποιεῖν
285 4545 356 4617 ιοός
396 4545 534 4615 οἰκείους
568 4555 672 4628 νομεῖς
710 4547 767 4608 καί
804 4545 960 4618 δεσπότας
995 4542 1044 4610 ἐπί
1082 4555 1146 4619 τοῖς
1184 4543 1302 4610 ἑαυτῶν

54 4671 217 4752 πράγμασι,
243 4669 284 4752 μή
309 4669 394 4751 παρά
418 4689 501 4740 τινος
525 4677 579 4732 τοιῖ
603 4669 719 4740 παντὸς
744 4671 852 4747 γένους
876 4673 931 4734 καί
956 4673 1071 4754 μέρους
1092 4666 1181 4758 ήμῶν
1204 4666 1235 4758 ή,
1260 4668 1302 4746 ὣς
