3140 5306
1265 251 1329 314 243

63 439 324 526 ἀνακαλούμενοι
346 439 439 528 ἡμεῖς
461 451 560 508 ταῦτα
584 441 628 518 ὥς
651 445 762 509 δίκαια
785 452 840 510 τοῦ
864 441 913 510 ἀπ’
938 444 994 530 έμέ
1019 445 1162 530 βιβαμέου
1189 452 1244 510 τοῦ
1265 465 1326 508 πο-

61 572 165 650 ταμοῦ
190 573 245 630 τοῦ
261 561 432 652 Ἕρμωνος
454 563 531 631 ὄντα
553 569 608 632 καὶ
631 563 651 654 ἡ
677 567 756 653 μονὴ
781 565 825 641 ὣς
848 562 907 634 ἀπὸ
930 569 966 632 τύ
990 563 1088 652 αύτῆς
1112 567 1251 652 βιβάριυν
1274 569 1327 632 τύν

58 687 161 772 Γῦρον
185 685 277 766 ὄντα,
308 693 365 754 καὶ
393 687 435 777 ἦν
460 696 557 776 μέσον
587 688 664 777 ἐμοῦ
690 715 724 756 τε
748 695 881 758 καὶτοῦ
910 695 1024 777 μέρους
1047 700 1103 776 τῆς
1131 698 1230 776 μονῆς
1252 689 1327 754 δια-

60 819 167 899 μάχαι
195 818 290 900 χάριν
320 823 381 878 τῦιν
411 813 443 884 ἑά
470 812 588 900 ἀνέμου
617 819 757 879 καὶτῶν
782 810 952 882 αύλακέων.
982 815 1201 898 κατεβάλλετο
1230 813 1266 878 δέ
1289 815 1324 878 τύ

60 941 157 1022 μέρος
185 947 241 1023 τῆς
271 945 369 1023 μονῆς
397 939 476 1021 πρὸς
504 938 577 1010 τούς
604 949 767 1010 πακτικως
792 937 927 1024 ἔχοντας
949 940 1149 1025 τύχτοιοῦτον
1178 935 1320 1022 βιβάριυν

59 1069 113 1123 τοῦ
136 1067 283 1145 ποταμοῦ
308 1055 378 1124 κατ’
405 1061 476 1134 ἔτος
498 1063 592 1147 χάριν
620 1071 680 1124 τῶν
705 1058 737 1136 ἐξ
765 1058 885 1148 ἀνέμου
915 1064 1009 1147 μέρος
1037 1064 1067 1124 τί
1092 1063 1174 1125 πάνυ
1201 1057 1320 1139 ύλέηον,

59 1193 110 1248 νῦν
139 1183 177 1247 δέ
206 1179 396 1270 ὑπεμνήσθη
425 1181 441 1248 έ
469 1185 622 1270 κραταιὸς
644 1187 701 1248 καὶ
730 1181 821 1264 ἅγιος
843 1181 932 1271 ἡμῶν
960 1179 1120 1271 αὐθέντης
1146 1188 1203 1250 καὶ
1227 1184 1318 1267 βασι-

59 1307 132 1379 λεύς
156 1310 244 1392 παρὰ
272 1315 326 1372 τοῦ
351 1307 517 1394 εἰρημένου
544 1311 783 1373 πανοσιωτάτου
810 1305 1075 1393 καθηγουμένου,
1103 1315 1201 1392 κυρού
1229 1305 1319 1372 Παύ-

7 1407 8 1410 Ἴ
61 1431 126 1508 λου,
152 1427 194 1503 ὡς
214 1427 262 1494 ὅτι
284 1434 371 1516 παρὰ
393 1435 496 1496 πάντα
519 1433 644 1496 δίκαιον
660 1431 755 1510 λόγον
780 1430 936 1496 ἀδικεῖται
963 1431 998 1495 τύ
1023 1433 1118 1517 μέρος
1140 1439 1196 1516 τῆς
1220 1439 1317 1518 μονῆς

61 1565 117 1618 τῶν
140 1553 279 1639 Λέμβων
302 1551 375 1640 παρ’
399 1551 498 1640 ἡμῶν,
522 1558 577 1618 καὶ
602 1550 651 1618 ὅτι
674 1555 716 1640 μὴ
741 1551 815 1627 ὁδὸς
836 1553 916 1618 εἶναι
938 1557 996 1618 καὶ
1019 1552 1124 1627 ἄλλως
1145 1575 1211 1626 πως
1238 1551 1319 1619 εἶναι

7 1679 8 1684 ’
59 1677 73 1740 έ-
97 1677 199 1764 Γῦρος
223 1679 379 1764 βιβάριυν,
408 1677 436 1741 εὶ
460 1679 502 1764 μὴ
528 1677 598 1764 ἔχει
621 1682 677 1744 καὶ
700 1678 755 1743 σύν
784 1689 848 1752 τοῖς
872 1677 905 1752 έύ
928 1677 1046 1763 ἀνέμου
1074 1673 1241 1750 αύλακέοις
1265 1675 1317 1741 έν·

7 1799 8 1804 ’
59 1804 109 1875 τύς
138 1811 194 1866 τοῦ
216 1804 359 1866 τοιούτου
383 1803 527 1886 βιβαρέου
550 1810 605 1866 τοῦ
633 1800 747 1886 Γύρου,
773 1799 828 1866 καὶ
857 1800 1079 1888 έπεβμαβεύθη
1107 1811 1146 1887 τῇ
1176 1795 1318 1887 ῥηθείσῃ

61 1924 134 2008 tim
163 1936 244 2012 μονῇ
274 1927 331 1988 καὶ
366 1925 533 2007 βασιλικὸς
567 1925 783 2012 προσκυνητύς
818 1923 947 2010 έρισμός
983 1933 1037 1989 τοῦ
1072 1933 1226 2010 κραταιοῦ
1260 1927 1317 1989 καὶ

57 2047 146 2127 άηὶου
179 2044 269 2135 ἡμῶν
306 2045 464 2112 αύθέντου
499 2045 556 2112 καὶ
590 2049 754 2131 βασιλέως,
783 2049 999 2134 ῦιοριζύμενος
1034 2046 1079 2131 τῷ
1112 2049 1315 2134 περιποθήτιμ

7 2199 9 2222 ι
58 2171 246 2258 ιιηηάμβριμ
269 2179 325 2256 τῆς
350 2165 445 2234 αὐτοῦ
470 2173 650 2254 βασιλείας,
679 2171 770 2236 ῦοοκέ
793 2179 848 2236 τοῦ
871 2172 1076 2258 Θρακηοέων,
1100 2171 1207 2256 Δούκη
1229 2171 1315 2256 κυρῷ

7 2355 8 2368 ,
56 2295 180 2381 Ἰωάννη
215 2293 259 2381 τῷ
285 2295 460 2382 Κουρτῑκη,
488 2293 541 2360 ἵνα
575 2299 700 2383 τηρηση
729 2296 785 2382 τὴν
808 2297 955 2382 τοιαύτην
985 2291 1137 2361 ὑπόθεσιν
1167 2295 1311 2381 διμερύς.

7 2403 9 2520 ἶ
59 2420 181 2484 ουνοῑύα
216 2421 277 2504 γὰρ
305 2416 368 2498 έηολ
396 2416 413 2483 ὁ
440 2417 692 2504 Καληγόκουλος
720 2415 799 2482 καθ’
828 2415 941 2484 ἑαυτὸν
969 2415 1012 2492 ὣς
1042 2421 1238 2505 χριατιανύν,
1270 2415 1313 2492 ὡς

7 2549 9 2604 λ
59 2539 91 2606 ού
112 2545 198 2608 κατά
220 2565 250 2606 τι
274 2545 448 2628 ζημιυῦμαι
469 2539 490 2629 ἢ
513 2541 783 2628 παραβλάπτομαι
810 2539 854 2614 εἰς
877 2543 913 2606 τό
937 2538 985 2607 ὑπ’
1009 2540 1065 2628 έμὲ
1090 2542 1233 2627 βιβάριυν
1256 2551 1311 2608 τοῦ

58 2675 197 2752 τοταμοῦ
225 2674 281 2730 τού
304 2661 480 2750 Ἕρμωνος,
506 2661 560 2730 έάν
583 2667 624 2728 τὰ
647 2662 679 2739 ἐξ
703 2661 821 2750 ἀνέμου
840 2667 896 2730 καὶ
919 2667 958 2730 τά
982 2660 1123 2733 αύλάκια
1150 2663 1226 2730 ὦσιν
1249 2662 1310 2734 ύπά

7 2837 8 2840 ¹
60 2791 88 2853 τά
112 2791 254 2874 βιβάριυν
271 2799 327 2874 τῆς
350 2797 456 2874 μονῆς,
482 2789 536 2852 τὸν
558 2785 668 2872 Γῦρον,
692 2791 749 2853 καί
771 2792 926 2873 νέμωνται
948 2783 1020 2873 παρ’
1046 2785 1152 2876 αὐτῆς,
1177 2791 1236 2854 καὶ
1257 2789 1312 2854 διὰ

60 2922 145 2977 τοῦτο
161 2913 340 2998 κατέλειψα
362 2915 418 2974 καί
442 2913 476 2974 τύ
503 2914 671 2997 μάχεσθαί
687 2933 737 2997 με,
751 2915 829 2997 μετά
853 2921 908 2998 τῆς
933 2920 1030 2996 μονῆς
1052 2915 1109 2976 καλ
1131 2909 1309 2996 κρίνεσθαι,

60 3039 110 3098 καὶ
131 3037 166 3099 τύ
188 3035 314 3098 δίκαιον
336 3031 453 3098 ἀπιδὼν
478 3031 650 3120 ἐχωρήθην
674 3032 719 3106 εὶς
743 3032 904 3122 εἰρηνικάς
928 3035 1145 3118 συμβιβάσεις,
1168 3031 1225 3098 καὶ
1239 3032 1309 3098 ἰδού

61 3158 108 3222 διὰ
130 3167 186 3222 τοῦ
212 3161 367 3244 παρέντος
395 3179 455 3244 μου
479 3155 639 3244 έχγράρου
663 3165 718 3222 τοῦ
741 3160 798 3222 καί
827 3159 911 3232 τάξιν
935 3154 1112 3244 ἀσφαλείας
1140 3155 1309 3244 ἐπέχοντος

7 3351 8 3366 χ
62 3291 209 3368 ουμρωνω
232 3284 289 3344 καί
310 3277 529 3368 ἀσφαλέζομαι
551 3283 628 3366 πρὸς
651 3283 697 3357 σέ,
721 3283 773 3344 τάν
801 3283 1034 3344 πανοσιύτατον
1062 3282 1307 3367 καθηγούμενον

7 3377 8 3386 ¹
61 3413 108 3492 τῆς
130 3401 228 3490 αύτης
252 3413 360 3490 μονῆς,
384 3413 443 3490 κῦρ
466 3378 605 3482 Παῦλον,
629 3406 684 3467 καί
707 3403 760 3467 διά
783 3409 841 3467 σοῦ
863 3405 941 3486 πρὸς
963 3403 1036 3474 τούς
1064 3397 1121 3466 ύπύ
1146 3407 1182 3468 σέ
1206 3425 1306 3490 μονα-

7 3529 8 3538 ’
61 3526 129 3610 χούς
156 3535 213 3590 τοῦ
242 3526 285 3611 μὴ
314 3521 394 3598 ύλως
422 3521 592 3612 εύρεθηναέ
620 3547 658 3610 με
681 3523 702 3613 ἢ
735 3526 788 3590 τύν
816 3521 880 3588 υἱόν
909 3546 970 3610 μου
996 3529 1072 3590 ποτὲ
1100 3535 1160 3592 τῶν
1187 3539 1305 3615 καιρῶν

7 3701 8 3704 ι
61 3647 322 3714 ἀνακαλέσασθαι
342 3659 402 3713 τῶν
430 3647 462 3725 ἐξ
490 3647 607 3735 ἀνέμου
636 3651 716 3735 μετά
741 3657 801 3711 τῶν
825 3644 996 3725 αύλακίων,
1020 3645 1062 3721 ὡς
1086 3650 1186 3736 δῆθεν
1209 3648 1306 3716 ὄντων

60 3771 111 3838 ἀτά
140 3783 201 3837 τῶν
230 3774 361 3837 δικαίων
389 3781 444 3838 τοῦ
479 3767 528 3837 ύπ’
564 3769 619 3857 ἐμὲ
647 3773 791 3856 βιβαρέου
819 3779 873 3836 τοῦ
899 3768 1074 3858 Ἕρμωνος,
1109 3770 1129 3860 ἢ
1159 3777 1304 3860 πειραθῶ

7 3933 8 3936 =
59 3899 159 3960 τούτου
182 3901 277 3983 χάριν
299 3893 485 3982 ἐπιζητῆσαι
509 3893 570 3960 ἀπὸ
593 3903 649 3981 τῆς
670 3901 768 3980 μονῆς
790 3917 820 3959 τι
842 3892 863 3982 ἢ
887 3901 941 3960 τοῦ
967 3892 1082 3982 μέρους
1105 3893 1209 3982 αὐτῆς,
1235 3895 1306 3962 ἀλλ’

60 4017 123 4084 ούύέ
146 4019 176 4085 οἱ
198 4023 284 4084 κατά
306 4021 437 4106 καιρούς
464 4028 670 4090 πακτωτικῦς
699 4015 829 4103 ἔχοντες
857 4018 892 4082 τύ
919 4013 969 4082 ὑπ’
997 4017 1053 4104 ἐμέ
1081 4020 1221 4106 βιβάριυν
1237 4031 1304 4088 ,τοῦ

59 4153 191 4230 ποταμοῦ
207 4140 343 4230 ὄχλησιν
366 4153 404 4228 τῇ
422 4151 502 4228 μονη
525 4140 580 4226 τὴν
604 4148 763 4226 τυχοῦσαν
786 4137 963 4220 ἀπενεγκεῖν
986 4144 1080 4226 χάριν
1096 4137 1208 4221 αύτων,
1233 4142 1304 4210 ἀλλ’

62 4267 176 4334 ἔσονται
200 4267 355 4353 ἀμέτοχοι
378 4269 432 4330 καὶ
449 4262 537 4329 αὐτοὶ
561 4262 622 4329 ἀπό
646 4285 679 4328 τε
695 4273 755 4328 τῶν
780 4260 813 4339 ἐξ
836 4261 953 4349 ἀνέμου
975 4267 1031 4329 καὶ
1047 4273 1106 4328 τῶν
1131 4259 1301 4347 αύλακίων,

63 4387 241 4478 ἀρκούμενοι
270 4389 319 4455 ἐπέ
346 4389 388 4475 τῷ
416 4389 547 4472 βιβαρέιμ
575 4395 629 4451 τοῦ
657 4393 802 4472 ποταμοῦ
830 4388 887 4455 καὶ
916 4389 1009 4470 μόνῳ.
1034 4389 1070 4449 τύ
1095 4387 1130 4450 δὲ
1160 4389 1302 4474 βιβάριυν

64 4521 109 4598 τῆς
130 4525 224 4602 μονῆς
248 4511 266 4580 ὁ
293 4512 392 4598 Γῦρος
415 4512 547 4586 καθέξει
571 4508 778 4596 ἀπροσκέπτως
806 4512 862 4573 καλ
885 4507 1055 4582 ἀκωλύτως
1083 4519 1141 4574 τῶν
1170 4508 1203 4586 ἐξ
1230 4509 1301 4577 ἀνέ-

68 4656 116 4718 μου
134 4644 186 4704 καὶ
209 4649 270 4704 τῶν
296 4633 467 4710 αύλακῑων,
490 4629 533 4705 ύς
556 4635 611 4698 καὶ
634 4631 687 4696 διὰ
703 4635 795 4697 θεῑοο
818 4635 874 4697 καὶ
896 4631 1062 4715 βασιλικοῦ
1083 4643 1301 4722 προσκυνηιού

1039 4745 1069 4794 ιο
1088 4743 1105 4774 ⁸
