3228 5296
304 233 348 312 2⁸

305 444 476 528 στηριγμύν
507 444 562 526 μλν
592 447 648 508 καί
672 441 849 530 ἀσφάλειαν
875 443 1000 518 τούτου,
1030 439 1211 526 ἀποτροπὴν
1234 438 1270 502 δε
1294 441 1350 502 καί
1377 433 1573 523 άποσὸβησιν

303 567 421 640 παντὸς
447 569 615 652 προσώπου
644 574 699 632 τού
729 563 849 638 ἀδίκως
876 568 934 630 καί
960 565 1195 638 πλεονεκτικῶς
1225 565 1417 648 πειρωμενου
1445 557 1570 649 ἀπιρύε-

305 690 386 758 σδσιι
413 701 478 764 τοῖς
506 685 662 778 ἀνήκουσι
689 691 788 774 ταύτη
816 691 953 762 δικαίοις
981 692 1037 753 καί
1062 688 1121 764 ἔξω
1145 695 1201 774 τῆς
1227 685 1424 774 περιλήψεως
1446 695 1508 748 τῶν
1532 681 1572 758 ἀς

304 811 426 900 εἴρηται
448 816 626 900 προσόντων
651 815 749 900 ταύτη
773 813 997 900 δικαιωμάτων
1022 809 1154 896 ἅρπαγα
1176 823 1269 897 χείρα
1292 813 1348 874 καί
1370 809 1454 874 πύδα
1477 809 1572 872 δονά-

305 957 382 1022 οτην
410 934 568 1020 ἐπιβαλεῖν
596 949 660 1010 τοῖς
687 940 757 1022 περί
786 931 884 1022 αὐτὴν
911 939 1104 1022 πράγμασιν.
1140 933 1190 999 ἀπὶ
1217 935 1316 1019 τούτῳ
1345 936 1405 1019 γάρ
1434 930 1573 1012 ἐγεγόνει

304 1069 343 1147 τῇ
371 1060 590 1150 διαληρδείση
620 1061 781 1146 σεβασμία
810 1070 891 1146 μονη
915 1068 971 1148 τῆς
996 1057 1160 1144 βασιλείας
1185 1080 1245 1144 μοο
1273 1068 1333 1122 τῶν
1357 1055 1496 1142 Λίμβων
1520 1059 1573 1120 καί

304 1181 321 1252 δ
344 1185 451 1270 κορῶν
475 1183 711 1270 χροσύβοολλος
735 1184 831 1263 λύγος
848 1193 903 1270 τῆς
925 1184 1090 1267 βασιλείας
1115 1204 1184 1268 μοο,
1211 1181 1264 1248 ἀπ
1277 1205 1294 1245 ο
1307 1182 1327 1247 λ
1340 1205 1357 1245 ο
1369 1184 1393 1246 δ
1407 1205 1422 1245 ε
1438 1165 1488 1254 λς’
1502 1201 1522 1243 κ
1535 1204 1572 1244 α-

304 1312 356 1374 τὰ
391 1317 509 1394 μῆνα
544 1307 796 1394 δεκίβριον
831 1317 909 1394 της
944 1315 1019 1372 νῦν
1047 1308 1315 1393 τρεχούσης
1342 1303 1485 1392 ἕκτης
1515 1303 1571 1367 ἰν-

303 1431 555 1504 δικτιῶνος
593 1439 670 1496 τού
714 1429 1145 1518 ἑξακισχιλιοστού
1193 1429 1573 1501 ἀπτακοσιοστοῶ

305 1549 1572 1642 ἀβδομηκοστσῶπρῶτοοέτοος,ἀνηύκαίτύημὲτερον

304 1671 500 1762 εύσεβὲς
530 1683 609 1744 καί
636 1680 1001 1766 δεοπρύβλητον
1030 1674 1363 1765 ύπεσημηνατσ
1392 1683 1571 1765 κράτος.

392 1801 546 1890 γΕἶχε
585 1805 640 1867 τύ·
678 1800 868 1889 Μιχαὴλ
906 1801 949 1868 ἀν
985 1801 1165 1888 Χριστῷ
1198 1799 1252 1886 τῷ
1288 1801 1379 1888 Θεῷ
1410 1803 1573 1874 πιστάς

305 1901 636 2011 βασιλεύῖ”καί
665 1922 969 2012 αὐτοκράτωρ
998 1923 1228 2012 Ῥωμαίων
1264 1925 1445 1998 Δούκας
1478 1925 1572 2004 Ἀγ-

304 2047 1572 2136 γελοςΚομνηνόςδΠαλαιολύγος,δι’ἀροδρῶνγραμ·

303 2179 453 2261 μάτων
489 2184 567 2262 της
603 2175 859 2262 βασιλικῆς
894 2179 973 2240 καί
1008 2177 1147 2248 θείας
1182 2173 1348 2260 χειρύς
1382 2177 1413 2252 †.

584 2472 633 2539 v1.
651 2474 881 2544 6792-1284,
900 2491 1006 2539 mense
1022 2473 1126 2560 aprili,
1144 2473 1208 2540 ind.
1227 2473 1293 2539 XII.

302 2621 401 2679 Αιιτοα
421 2625 501 2678 hulla
521 2625 618 2696 τὀτρεκ.
640 2623 799 2678 Andronici
818 2622 865 2680 II.
886 2621 1064 2694 Palaeol09i‚
1083 2621 1142 2694 qua
1162 2625 1368 2697 confirmantur
1382 2625 1534 2694 privilegia
1550 2633 1574 2676 εί

743 2749 935 2818 poam-tiones
951 2749 1126 2805 monasterii.

302 2875 527 2965 †‘'Ettpov
558 2881 920 2968 χροσύβοολλον
952 2889 1029 2945 τοῦ
1062 2878 1301 2947 αύδεντοο
1339 2879 1461 2970 ἡμῶν
1496 2889 1571 2946 τοῦ

301 3001 1570 3093 βασιλέωςτοδάγίοοκοροδἈνδρονίκοοΚομνηνοδ

723 3139 799 3195 τοῦ
834 3129 1172 3210 Παλαιολύγοο
1207 3135 1237 3211 †.

388 3289 479 3376 γΤῇ
508 3285 671 3375 ύπεράγνιρ
696 3311 756 3376 μοο
780 3290 931 3374 δεσποίνῃ
955 3293 1011 3354 καί
1034 3293 1213 3376 δεομήτορι
1238 3285 1354 3355 δπύσον
1383 3289 1422 3356 ἄν
1446 3312 1492 3362 τις
1515 3291 1570 3350 καί

302 3412 448 3498 ἀποδοίη,
469 3417 565 3501 χρίος
589 3418 647 3498 μίν
671 3437 699 3478 τι
724 3412 881 3490 ἀπέτισεν,
907 3412 1015 3500 ἐπειδὴ
1032 3419 1087 3480 καί
1102 3411 1422 3502 πάντεςδρείλοοσιν,
1448 3409 1485 3478 ού
1511 3414 1571 3498 μὴν

300 3536 329 3600 δ’
356 3533 472 3601 ύπύσον
500 3533 539 3623 ἠν
568 3535 664 3612 ἄξιον·
690 3535 741 3602 ἀεὶ
764 3541 826 3621 γὰρ
854 3539 960 3603 πλεῖον
985 3535 1052 3602 ἔστί
1075 3540 1110 3602 τύ
1134 3537 1319 3624 λειπόμενον
1342 3535 1363 3626 ἤ
1388 3535 1465 3602 ὅσον
1489 3535 1570 3602 ἕκα·

298 3683 376 3734 στος
399 3659 520 3742 δίδωσι,
545 3665 601 3726 καί
624 3659 687 3726 ὅτι
710 3659 748 3727 ἄν
764 3684 809 3734 τις
824 3665 962 3750 παρέχη,
987 3661 1162 3746 λαμβάνειν
1180 3662 1303 3747 μάλλον
1323 3659 1391 3726 ἔστί
1413 3665 1471 3725 καὶ
1494 3666 1569 3746 κερ-

301 3785 356 3860 δσς
380 3783 483 3872 ύαοτῷ
503 3787 652 3871 προξενῶ
670 3789 725 3850 καί
740 3793 832 3852 τσῶτσ
850 3789 907 3872 μὲν
929 3785 968 3873 δη
985 3787 1093 3852 κοινάν
1117 3783 1150 3860 ἐς
1165 3789 1296 3863 πάντας,
1318 3782 1389 3850 ὅσοι
1412 3795 1473 3850 τῶν
1495 3779 1567 3868 παρ’

301 3905 398 3998 ταύτης
422 3911 642 3996 βοηθημάτων
665 3913 849 3998 μετίχοοσι,
877 3919 916 3996 τῇ
939 3906 966 3972 δ’
990 3905 1131 3996 ἡμετέρα
1159 3910 1307 3994 βασιλεία
1328 3909 1443 3976 πλείων
1468 3913 1524 3994 μὲν
1547 3903 1567 3993 ἡ

299 4036 388 4119 παρὰ
410 4033 526 4120 ταύτης
550 4033 699 4120 βοήθεια,
722 4031 874 4120 πολοειδη
898 4036 954 4097 καί
979 4036 1114 4119 μίγιστα
1138 4035 1177 4098 τά
1200 4036 1399 4120 χαρίσματα,
1424 4031 1569 4097 πλεῖστον

299 4156 336 4222 δύ
357 4160 414 4224 καί
438 4154 641 4246 ἀπητημίνον
664 4160 760 4245 χρίος
783 4167 844 4222 τῶν
868 4158 1024 4224 τοσούτων
1050 4152 1237 4242 εὐεργεσιῶν
1261 4161 1318 4222 καί
1342 4157 1479 4242 δωρεῶν,
1505 4151 1567 4218 ὧν·

297 4301 356 4366 περ
374 4279 457 4348 καθ’
479 4278 619 4368 ἑκάστην
643 4277 845 4346 ἀπαπολαύει·
870 4276 907 4348 ού
931 4283 992 4366 γάρ
1015 4281 1055 4367 δη
1072 4289 1165 4348 τοῦτο
1186 4283 1292 4368 μόνον,
1317 4277 1393 4368 ὅπερ
1416 4279 1488 4368 είμί,
1512 4289 1567 4365 τῆς

297 4406 465 4492 δειστίρας
493 4406 609 4492 ταύτης
638 4404 813 4492 ἀπισκοπης
840 4408 897 4468 καί
924 4407 1056 4492 χάριτος
1085 4403 1216 4491 ἐξαρτάν
1241 4405 1374 4493 ἔχομεν,
1404 4404 1488 4470 ἀλλὰ
1511 4405 1568 4466 καί

297 4529 352 4613 τήν
380 4537 440 4594 τῶν
468 4533 661 4616 πραγμάτων
690 4529 882 4616 διεξαγωγὴν
910 4533 968 4592 καί
990 4539 1050 4596 τῶν
1074 4525 1133 4594 ἀπὸ
1156 4539 1249 4614 χεῖρα
1275 4531 1462 4616 κοβέρνησιν
1487 4525 1566 4592 ἀπο-

296 4651 470 4736 λαμβάνειν
499 4650 656 4738 ύσημίραι
683 4653 769 4738 παρὰ
797 4651 912 4738 ταύτης
941 4653 1139 4736 πιστεύομεν·
1169 4626 1224 4716 καί
1247 4653 1301 4738 τὴν
1325 4662 1385 4716 τῶν
1408 4651 1565 4716 τοσούτων
