3238 5282
1266 242 1326 302 ⁴01

68 449 169 512 ματος
198 429 309 492 τοότου
331 429 450 512 θρέψαι
472 427 528 494 καί
551 427 636 514 ήμάς
661 427 775 503 αὐτοὺς
799 435 854 492 καί
882 432 922 492 τὰ
951 427 1089 515 ἀνήλικα
1112 425 1200 515 ἡμῶν
1225 433 1331 494 τέκνα.

67 561 162 616 τοῦτο
192 561 268 630 γοῦν
302 547 383 616 οὕτω
411 561 543 638 ποιήσαι
571 551 798 640 διανοηθέντες
825 553 1056 638 προσήλθομεν
1085 547 1153 636 ὑμῖν
1181 565 1245 624 τοῖς
1272 574 1333 617 πα·

69 678 324 754 νευγενεστάτοις
340 672 510 760 όμοζόγοις
534 681 614 762 μετὰ
633 677 869 764 παρακλήσεως
894 673 942 740 ότι
964 677 1084 762 πολλής
1107 679 1164 742 καί
1186 681 1256 760 περί
1278 685 1334 762 τής

69 797 270 884 ἐκτοιήσεως
304 808 359 862 τοῦ
387 800 589 886 δηλωθέντος
619 799 772 888 ἀμπελίου
801 802 985 886 δεδώκαμεν
1020 799 1150 887 εἴδησιν·
1180 805 1236 866 καί
1267 800 1334 866 ἐπεὶ

69 918 203 1007 εῧρομεν
231 918 313 1008 ὑμᾶς
340 921 484 1008 ἑτοίμους
511 926 588 1010 τρός
611 927 667 1010 τήν
690 921 847 1010 ἡμετέραν
871 929 1012 1009 γνώμην,
1037 925 1192 998 θέλοντας
1216 923 1333 1010 έξωνήυ

69 1049 307 1112 σασθαιτοῡτο
332 1048 417 1131 λόγῳ
435 1056 500 1132 τής,
525 1045 567 1120 ὣς
584 1047 715 1134 εἴρηται,
740 1045 978 1134 εὖαγεστάτηπς
1001 1057 1210 1134 ατριαρχικής
1235 1061 1334 1134 μονῆς

70 1166 156 1254 ὑμῶν
185 1178 239 1234 τοῦ
267 1176 370 1256 τιμίου
393 1171 582 1256 Προδρόμου
605 1181 660 1257 τής
684 1171 771 1246 Νεάς
796 1172 919 1256 Πέτρας
946 1175 1003 1236 καί
1026 1173 1335 1258 κοινολογησάμενοι

71 1293 250 1380 ἀμφότεροι
274 1293 401 1359 ένιίιπιυν
425 1299 480 1360 καί
505 1304 559 1358 τοῦ
582 1299 814 1380 πάνιερωτάτου
838 1295 1010 1360 ἐπισκόπου
1035 1296 1255 1382 Δημητριάδος
1279 1300 1334 1360 καί

69 1415 233 1502 Ἃλμυροῦ
275 1423 331 1482 καί
373 1420 678 1500 πρωτοσυγκέλλου,
722 1429 819 1504 κυροδ
862 1419 997 1505 Μιχαὴλ
1039 1429 1094 1486 τοῦ
1139 1420 1333 1504 Παναρέτου,

70 1543 126 1604 καὶ
154 1551 215 1606 τῶν
251 1536 491 1624 εὐλαβεστάτων
526 1544 686 1629 κληρικῶν
719 1553 774 1629 τής
810 1540 988 1628 ἁγιωτάτης
1024 1540 1197 1629 ἐπισκοπής
1233 1543 1333 1609 Βελε-

72 1670 179 1728 στίνου
217 1669 273 1728 καί
312 1663 423 1750 ἑτέρων
462 1677 551 1730 τινων
590 1667 709 1732 λαϊκῶν
747 1671 919 1752 προσώπων
957 1671 1027 1752 περὶ
1065 1677 1120 1732 τοῦ
1159 1671 1336 1753 τιμήματος

70 1797 126 1852 τοῦ
155 1789 358 1874 δηλωθέντος
387 1787 541 1874 ἀμπελίου
568 1793 820 1875 περιεστήσαμεν
850 1792 884 1854 τό
913 1791 1024 1854 τούτου
1052 1795 1174 1875 τίμημα
1202 1788 1235 1865 ές
1259 1789 1334 1874 ἀρε-

72 1917 184 1985 σκείας
219 1917 274 1976 καί
310 1910 494 2000 ἀμφοτέρων
528 1910 616 2000 ήμῶν
652 1924 710 1978 τῶν
746 1925 846 2000 μερῶν
882 1911 926 1986 είς
960 1911 1141 1998 νομίσματα
1177 1910 1335 2000 όπέρπυρα

71 2037 162 2112 δέκα,
188 2037 223 2098 τό
247 2032 274 2098 δ’
300 2031 473 2121 όπέρπλεον
490 2039 600 2100 τούτου
623 2035 887 2124 ἀποχοριζόμεθα
912 2036 1002 2122 άπλῴ
1025 2041 1081 2102 καί
1106 2036 1336 2124 ἀμεταμελήιῳ

71 2158 113 2243 τῷ
146 2161 251 2242 τρόπῳ
279 2169 318 2244 τή
348 2160 532 2246 δηλωθείση
569 2171 624 2224 τοῦ
652 2160 840 2246 Προδρόμου
869 2173 949 2247 μονή
985 2153 1045 2224 κάν
1082 2157 1157 2225 ὅσον
1185 2159 1247 2246 ἄρα
1281 2165 1338 2224 καί

72 2282 166 2358 ἔστιν,
196 2280 224 2345 εὶ
251 2286 306 2346 καί
334 2285 369 2346 τό
398 2285 564 2348 διπλάσιον
593 2289 677 2348 κατὰ
705 2285 785 2350 πολὺ
811 2280 1001 2370 ὑπερβαίνει.
1033 2283 1053 2347 ἃ
1076 2285 1115 2368 δή
1144 2285 1225 2348 δέκα
1248 2290 1336 2369 νομί-

71 2428 180 2490 σματα
204 2401 368 2492 ὑπέρτερα
392 2405 454 2472 ἀπό
478 2419 537 2470 τῶν
562 2419 624 2472 σῶν
647 2419 764 2493 χειρῶν
788 2417 843 2472 τοῦ
867 2404 1024 2472 αὐθέντου
1052 2405 1140 2494 ήμῶν
1168 2417 1223 2473 τοῦ
1246 2407 1337 2493 Κομ-

72 2539 166 2616 νηνοῖι
194 2531 347 2614 λαβόντες
376 2530 420 2604 εὶς
448 2536 504 2604 τὰς
532 2529 690 2618 ἡμετέρας
722 2545 831 2618 χεῖρας
861 2529 989 2596 ἐνώπιον
1018 2543 1072 2596 τοῦ
1102 2555 1134 2595 τε
1163 2529 1336 2617 ἀρχιερέως

73 2659 128 2718 καί
156 2664 216 2718 τῶν
245 2651 533 2744 ἀναγεγραμμένων
563 2658 729 2741 μαρτύρων
754 2665 822 2720 σῶα
845 2661 902 2719 καί
930 2653 1095 2741 ἀνελλιπῆ,
1124 2654 1257 2742 ἀληθῶς
1280 2661 1336 2720 καί

75 2779 151 2863 δίχα
181 2775 373 2863 ἀναργυρίας
401 2777 599 2865 οἱασδήτινος
633 2780 907 2864 παραδεδώκαμεν
935 2783 991 2842 καί
1016 2775 1107 2864 ἡμεῖς
1143 2777 1336 2843 ἀπεντεῡθεν

73 2907 128 2966 καί
162 2901 224 2968 ἀπὸ
254 2911 310 2988 τής
340 2906 478 2989 σήμερον
506 2906 583 2988 πρὸς
619 2899 701 2987 ὑμᾶς
729 2904 800 2976 τους
828 2905 1133 2981 πανευγενεστάτους
1162 2900 1337 2986 ὁμοζύγους

17 3079 18 3082 ¹
75 3033 128 3092 καί
162 3030 240 3112 πρός
267 3029 302 3090 τό
339 3023 413 3090 ὅλον
442 3031 536 3112 μέρος
564 3031 620 3090 καί
653 3028 807 3112 πλήρωμα
836 3037 890 3112 τῆς
925 3027 1127 3112 δηλωθείσης
1156 3035 1254 3111 μονής
1282 3036 1337 3090 του

75 3151 267 3236 Προδρόμου·
289 3153 340 3227 τό,
365 3147 407 3222 ὡς
436 3149 571 3236 εἴρηται,
597 3147 669 3214 ὅλον
699 3148 851 3234 ἀμπέλιον
879 3146 978 3235 ἡμων,
1008 3149 1154 3235 δηλονότι
1183 3152 1237 3236 τήν
1262 3148 1336 3234 μίαν

17 3311 18 3318 1
74 3273 345 3359 όλοκοτιναραίαν,
375 3275 392 3337 ὃ
416 3275 455 3358 δή
481 3274 632 3359 ἀμπέλιον
656 3279 711 3337 καί
734 3276 889 3348 καθέξετε
914 3275 968 3336 σόν
993 3272 1035 3358 τήν
1058 3279 1145 3358 μέρει
1160 3285 1215 3361 τής
1239 3284 1336 3360 μονής

75 3399 133 3462 ἀπό
168 3407 223 3464 τοῦ
257 3407 311 3462 νῦν
338 3402 395 3462 καί
423 3397 468 3470 είς
503 3401 537 3464 τό
567 3397 638 3484 ἑξής
666 3403 721 3462 καί
757 3397 869 3484 μέχρις
897 3395 934 3460 ἀν
970 3400 1004 3462 τό
1033 3408 1093 3462 τάν
1127 3395 1335 3483 περιΐσταται,

74 3525 198 3606 κορίως,
224 3517 423 3595 αόθεντικῶς
447 3527 502 3586 καί
526 3521 767 3595 ἀνεπικωλύτως
797 3527 852 3586 καί
876 3521 949 3606 ἄτερ
977 3524 1058 3594 τινός
1082 3522 1202 3596 δόσεως
1225 3523 1335 3596 τέλους

75 3651 128 3708 καί
153 3647 280 3731 βάρους,
304 3654 466 3718 ποιοῦντες
492 3643 537 3710 ἐπ’
563 3642 649 3730 αότιρ
673 3643 734 3712 ὅσα
758 3647 874 3731 βουλής
898 3651 954 3710 καί
975 3647 1142 3732 θελήσεως
1166 3645 1257 3732 ἔχετε
1280 3650 1336 3710 καί

76 3767 135 3832 ὅσα
169 3767 198 3834 οἱ
227 3772 312 3834 θεῖοι
339 3774 395 3832 καί
424 3770 618 3856 φιλευσεβεῐς
652 3773 744 3856 νόμοι
773 3768 1020 3855 έκκεχωρήκασι
1053 3781 1153 3835 ποιεῖν
1184 3769 1255 3842 τούς
1287 3769 1335 3832 οί-

77 3899 179 3967 κείους
203 3903 309 3978 νομεῖς
332 3899 387 3958 καί
412 3895 567 3966 δεσπότας
592 3892 641 3958 ἐπί
664 3907 727 3966 τοῖς
750 3891 869 3957 ἑαυτῶν
885 3898 1058 3978 πράγμασι,
1085 3894 1126 3978 μή
1150 3895 1238 3976 παρά
1253 3913 1337 3963 τινος

77 4026 128 4080 τοῦ
153 4020 271 4090 παντὸς
299 4022 407 4096 γένους
435 4023 491 4080 καὶ
515 4023 629 4102 μέρους
657 4014 745 4104 ἡμῶν
772 4013 792 4102 ή
821 4015 864 4089 ὡς
893 4015 1015 4102 εἴρηται
1038 4017 1222 4102 δηλωθεῐσα
1255 4015 1334 4100 μονή

17 4167 18 4176 ¹
77 4149 129 4204 τοῦ
156 4140 342 4226 Προδρόμου
371 4138 506 4225 εὑροῦσα
534 4144 586 4204 τόν
615 4145 751 4226 τυχόντα
780 4142 965 4224 διασεισμόν
995 4137 1014 4226 ή
1044 4136 1177 4225 ὄχλησιν
1211 4136 1334 4224 ἢέπή-

78 4269 160 4346 ρειάν
187 4287 254 4330 τινα
279 4265 329 4330 έπί
353 4265 396 4350 τῷ
418 4263 652 4350 διηγορευμένιρ
681 4262 835 4349 ἀμπελίιρ.
864 4261 963 4336 οὕτως
987 4260 1041 4327 οόν
1066 4260 1256 4347 ἀρεσθέντες
1280 4265 1336 4326 καί

78 4395 335 4475 συμφωνήσαντος
359 4387 401 4460 ὡς
424 4393 481 4452 καί
504 4393 542 4452 τά
567 4389 798 4473 διηγορευμένα
821 4389 902 4450 δέκα
926 4382 1085 4470 όπέρπυρα
1112 4386 1265 4468 λαβόντες
1288 4384 1333 4450 ἐπ’

78 4509 165 4595 ὄψεσι
198 4523 257 4578 τῶν
292 4515 439 4576 κάτωθεν
474 4508 718 4598 ὑπογραφόντων
753 4513 913 4596 μαρτύρων
949 4513 1005 4575 καί
1040 4511 1074 4572 τό
1109 4510 1208 4594 παρὸν
1246 4506 1334 4597 ήμῶν

79 4634 230 4722 ἔγγραφον
253 4634 444 4720 έξεθέμεθο,
469 4632 543 4720 ὅπερ
568 4635 596 4700 εἰ
619 4637 818 4722 τολμήσομεν
836 4633 1043 4719 ἀρνήσασθαι
1067 4643 1201 4718 μερικῶς
1224 4630 1245 4719 ή
1269 4653 1333 4699 κα·

1106 4746 1139 4795 26
