3140 5306
1235 229 1300 296 239

49 420 89 503 την
109 417 318 505 δηλωθεῖσαν
342 423 441 508 μυνην
464 419 605 500 ἐξέδοτο,
632 418 672 487 δι’
702 425 724 488 ἂ
750 427 807 488 καί
834 419 987 510 δχλησεις
1015 421 1174 508 σίναμέσον
1202 418 1304 488 αὐτῶν

47 543 142 627 συνέβη
167 546 339 620 γενέσθαι,
364 539 444 610 ὥστε
467 547 523 609 καί
546 545 601 632 τήν
625 543 791 628 βασιλείαν
814 567 875 632 μου
898 547 953 632 την
974 547 1121 629 τοιαύτην
1145 541 1303 610 ύπύύεσιν

45 661 98 748 τσρ’
123 659 229 729 αύτιῦν
263 664 507 756 ἆκυυτισδῆναι.
537 671 592 732 καί
615 665 775 754 ἐπέκρινεν
798 665 818 756 ἡ
843 669 993 752 βασιλεία
1019 690 1079 754 μου
1102 669 1143 732 δι’
1168 665 1299 754 ὁρισμοῦ
1351 758 1354 764 ,

46 784 124 872 σύτῆς
146 788 270 876 έπίσης
295 793 497 878 μερισθῆναι,
514 795 570 855 καί
594 788 779 878 ἐδεήθησαν
803 794 858 856 καί
880 789 974 878 ἄμφω
998 795 1036 855 τὰ
1060 789 1139 878 μέρη
1164 799 1219 876 τῆς
1243 792 1301 874 βα-

48 912 147 984 σιλείας
172 934 238 997 μου
266 909 400 1000 ὁρισμοῦ
424 918 481 978 καί
509 910 605 988 αύθις
629 925 733 1000 τυχεῖν
757 912 801 986 είς
826 911 1049 1000 έπιστηριγμῦν
1073 925 1128 1002 τῆς
1151 917 1300 1002 τοιαύτης

49 1031 129 1098 ιύτῦν
153 1037 393 1122 συμβιβύσειος.
417 1033 437 1125 ἡ
462 1037 609 1122 βασιλεία
634 1059 693 1124 μου
717 1046 772 1124 τῆς
795 1039 935 1124 δεήσεως
963 1031 1065 1102 αύτιῦν
1089 1036 1300 1104 έπακούσασα

46 1159 201 1242 διορίζεται
231 1161 290 1224 διὰ
313 1171 370 1249 τῆς
391 1163 554 1248 παρούσης
581 1163 697 1248 ταύτης
719 1161 922 1246 προστάξεως
950 1165 1117 1247 στερκτέον
1144 1159 1223 1226 εἶναι
1245 1165 1299 1226 τὸν

47 1285 102 1364 παρ’
128 1279 297 1368 ἑκατέρων
325 1295 384 1349 τῦν
413 1295 515 1372 μερῶν
543 1288 697 1364 γεγονότα
724 1287 840 1349 τούτων
868 1283 1072 1371 έπιμερισμῦν
1098 1287 1154 1348 καί
1176 1294 1296 1371 κεκτη-

49 1407 110 1469 ούαι
130 1407 186 1492 τὴν
207 1407 416 1493 δηλωθεῑσαν
441 1409 538 1494 μονην
561 1409 616 1493 την
639 1404 786 1494 ἡμίσειαν
811 1407 933 1494 μερίδα,
958 1409 1013 1494 την
1036 1409 1072 1472 δέ
1093 1429 1129 1488 γε
1147 1405 1296 1496 ἡμίσειαν

46 1533 176 1614 κατέχειν
201 1529 252 1604 είς
277 1531 392 1618 μερίδα
419 1531 491 1604 τούς
519 1531 725 1618 δηλωθέντας
751 1536 836 1596 κατὰ
863 1533 916 1596 τύν
943 1533 1206 1617 προαπολυδέντα
1235 1529 1294 1596 αύ-

46 1663 77 1724 οῖς
95 1649 223 1740 ὁρισμὸν
248 1663 306 1740 τῆς
330 1655 496 1738 βασιλείας
519 1675 580 1740 μου
603 1657 767 1720 καὶκατὰ
790 1655 845 1741 την
871 1660 965 1740 παρ’
990 1653 1173 1743 ἀμφοτέραν
1197 1675 1293 1736 γεγο-

44 1784 107 1838 νυῖαν
133 1778 344 1862 συμβίβασιν,
372 1774 454 1842 ὥστε
493 1775 678 1864 ἀταράχους
705 1781 761 1842 καί
795 1777 1026 1866 ἀνενοχλητους
1055 1779 1206 1844 διατελεῖν
1235 1775 1294 1844 αύ-

44 1899 102 1970 τούς
124 1900 175 1963 διὰ
204 1903 269 1985 γὰρ
293 1909 385 1966 τοῦτο
409 1898 549 1981 έγεγύνει
572 1895 677 1973 αὐτοῖς
709 1899 752 1975 είς
776 1898 952 1989 σίσραίλειαν
975 1906 1031 1966 καί
1055 1899 1071 1967 δ
1094 1904 1200 1988 παρύν
1224 1912 1280 1990 της

48 2022 186 2102 βασιλείας
211 2045 276 2110 μου
299 2020 431 2111 δρισμύς
453 2029 484 2105 †.

109 2145 275 2234 γΕἶχε
313 2150 370 2212 τύ·
411 2151 518 2235 μηνί
556 2143 800 2236 αύγσύστιρ
837 2149 919 2215 ίνδ.
959 2150 1199 2236 δευτέρας,
1237 2145 1289 2213 δι’

49 2265 233 2356 ὲρυθρῦν
277 2273 558 2358 γραμμάτων
600 2281 677 2359 της
720 2272 977 2360 βασιλικῆς
1026 2275 1103 2338 καί
1151 2275 1290 2345 θείας

51 2397 185 2479 χιιρύς
217 2397 248 2476 †.

75 2584 123 2652 eh.
139 2589 401 2674 [6⁷37—1229]‚
418 2587 485 2658 ind.
506 2589 544 2672 11,
564 2591 825 2676 [6740-1232],
842 2588 906 2658 ind.
925 2591 952 2659 V
967 2597 999 2659 ot
1014 2589 1244 2673 6742-1234‚

583 2701 649 2781 ιδύ.
665 2713 732 2782 v11.

480 2839 727 2919 Ασίσιέαιιύααεέο
743 2861 824 2935 Gyn‘.

116 3012 465 3103 λγΠρύσταγμα
487 3018 586 3102 περί
609 3023 681 3080 τοῦ
706 3015 1008 3101 βιβοιρίσυτοῦ
1031 3012 1176 3100 Γύρου,
1200 3013 1286 3076 διο-

53 3137 151 3214 ρίίυν
177 3140 425 3226 διαμένειν
452 3139 530 3226 την
565 3139 706 3226 μσνήν
736 3135 1059 3224 ἀνενόχλητον
1095 3133 1178 3201 ἇτῦ
1207 3145 1284 3223 τῆς

55 3251 326 3350 ἀπαιτήσεως
353 3271 429 3327 τοῦ
457 3261 844 3350 Καληγοπούλυυ·
871 3257 1075 3348 ἠνώχλει
1098 3263 1180 3346 γὰρ
1211 3255 1283 3323 αύ·

57 3380 302 3472 ιηνδιίιτήν
326 3384 517 3472 είσροήν
541 3393 617 3450 τοῦ
641 3393 851 3470 ποταμοῦ
875 3387 904 3465 †.

117 3505 196 3585 ’[Τό
226 3513 323 3596 μέρος
350 3517 406 3596 της
434 3510 612 3595 σεβασμίας
640 3517 738 3594 μονῆς
765 3515 820 3593 τῆς
848 3510 933 3570 κατὰ
960 3507 1016 3594 την
1044 3505 1188 3593 Σμύρνην
1215 3507 1284 3572 δια-

55 3631 170 3716 κειμένης
196 3638 253 3698 καί
280 3631 559 3720 έπονομαίομένης
594 3643 654 3698 τῶν
681 3631 817 3717 Λέμβιυν
845 3627 1005 3718 ύπέμνησε
1032 3633 1087 3718 την
1119 3633 1283 3716 βασιλείαν

58 3765 106 3826 μου,
125 3749 162 3827 ύς
183 3753 200 3821 δ
219 3758 363 3842 ποταμὸς
387 3751 404 3820 δ
427 3753 546 3842 Ἑρμιῦν
564 3752 696 3841 είσέρρει
720 3758 800 3840 μετὰ
822 3765 883 3820 τῦν
907 3753 1012 3820 ἄλλων
1034 3759 1091 3820 καί
1107 3753 1152 3827 είς
1176 3758 1210 3819 τύ
1235 3757 1284 3839 βι-

58 3869 138 3955 ύύριον
169 3876 264 3966 αύτῆς
298 3882 333 3945 τό
368 3877 591 3965 ἐπιλεγόμενον
623 3875 641 3942 ὁ
675 3877 789 3964 Γῦρος,
824 3881 881 3943 καί
907 3880 961 3943 διὰ
989 3887 1082 3943 τοῦτο
1110 3881 1150 3941 τίι
1178 3875 1281 3942 ἐκεῖσε

59 3997 132 4062 πάντα
156 4003 281 4090 βιβσίρια
309 4001 434 4069 έτέλουν
458 4004 501 4089 τῷ
519 4001 777 4088 Καληγοπούλιρ,
802 3999 845 4076 ύς
869 4001 977 4088 ἔχοντι
1004 4000 1049 4075 είς
1071 4005 1219 4088 πρόνοιαν
1242 4005 1282 4068 τὰ

58 4114 139 4188 δίκαια
162 4137 214 4193 τοῦ
241 4136 396 4214 ποταμοῦ.
432 4137 486 4191 τοῦ
515 4127 550 4190 δέ
577 4133 722 4210 ποταμοῦ
751 4123 971 4211 ἀνακύψαντος
1000 4121 1061 4190 ἀπὸ
1089 4133 1144 4210 τῆς
1171 4127 1282 4210 κοίτης

60 4234 128 4309 νύτοῦ
146 4255 198 4316 καί
220 4250 329 4338 ἑτέραν
352 4254 463 4336 κοίτην
485 4251 695 4336 διερχομένου
717 4251 773 4312 καί
797 4248 839 4334 μή
864 4245 1087 4331 είσβσίλλοντος
1110 4245 1143 4312 έν
1166 4247 1209 4333 τῷ
1232 4249 1281 4331 βι-

63 4358 131 4452 ύίνίφ
150 4383 198 4462 της
223 4377 372 4461 τοιαύτης
399 4382 506 4461 μονης,
534 4371 683 4438 έλκονται
705 4370 763 4436 καὶ
785 4371 879 4435 πάλιν
903 4369 933 4435 οἱ
956 4373 1093 4457 μοναχοί
1120 4369 1164 4444 είς
1192 4371 1281 4436 δύσιν

62 4501 250 4586 ίίγῖιυματικήν
273 4501 360 4586 παρὰ
383 4507 438 4563 τοῦ
460 4501 572 4584 μέρους
596 4504 650 4564 τοῦ
673 4494 928 4581 Καληγυπούλου
949 4497 1043 4580 χάριν
1067 4504 1126 4559 τῶν
1149 4495 1280 4560 δικαίων

64 4619 100 4673 ίῖῠ
116 4625 243 4690 τοιούτου
265 4630 419 4708 ποταμοῦ.
444 4623 499 4688 καί
519 4621 689 4708 διορίζεται
711 4615 731 4707 ἡ
756 4617 903 4744 βασιλεία
925 4639 985 4704 μου
1008 4609 1050 4704 τῷ
1074 4620 1279 4706 περιτυύητιρ
