3168 5274
1229 255 1295 320 299

60 445 97 504 ἰω
116 453 187 526 μονή
210 439 227 504 ό
251 443 368 526 ταύτης
392 444 641 529 καθηγούμενος
669 442 750 522 ἔγνω
774 453 813 528 τη
837 442 942 526 οἰκεία
965 447 1088 518 πάντως
1115 465 1290 531 συμπεραι-

60 570 159 650 νιμένην
186 569 265 651 ζωή,
294 567 388 650 τυχόν
414 565 450 630 δὲ
472 569 528 630 καί
550 575 767 650 προαπιούσαν
790 570 847 630 καί
870 564 915 639 εὶς
938 563 1047 652 ἕτερον
1076 569 1291 654 μεταβαίνου-

61 708 107 766 σιν,
129 691 179 752 καί
205 689 257 753 διὰ
284 698 377 752 τούτο
406 687 561 775 ἐμέλησεν
597 684 681 782 αύτῷ
706 699 762 777 τῆς
790 693 957 774 μετέπειτα
987 694 1227 768 καταστάσεως,
1256 691 1293 779 ἣν

60 811 102 896 ἄρα
119 815 168 874 καί
190 818 287 900 σχοίη
311 810 331 900 ή
355 813 424 878 κατ’
449 809 543 879 αὐτόν
567 821 621 876 τού
645 809 756 891 Ἃγίοο
778 810 908 878 Παύλου
929 814 1019 900 μονή,
1045 814 1211 901 προσῆλθε
1235 815 1290 880 διά

61 943 125 998 τούτο
149 946 185 1021 σή
207 931 296 1022 ήμῶν
325 940 515 1023 μετριότητι,
543 941 599 1002 καί
625 934 765 1022 λιπαρῶς
790 933 887 1025 αύτής
915 935 1037 1024 ἐδεήθη
1066 941 1122 1004 καί
1149 941 1289 1004 καθικέ-

62 1079 147 1138 ιειτεν,
172 1057 224 1124 ἵνα
253 1063 296 1146 μή
325 1058 367 1134 ὡς
395 1047 480 1136 είκύς
508 1061 553 1135 εἴς
582 1081 671 1126 τινων
700 1060 879 1148 ἐξαρχεύειν
907 1062 1071 1148 λαχόντων
1100 1059 1289 1150 ἐπισυμβαίη

60 1205 144 1248 νωταν
175 1196 238 1258 τοῖς
274 1180 332 1250 ύπύ
360 1196 455 1272 χεῖρα
484 1183 632 1272 ἐπήρειαν
667 1183 686 1272 ή
722 1188 840 1271 ζημίαν
876 1186 997 1270 μᾶλλον
1033 1181 1234 1272 εὐπρόσωπον
1269 1187 1290 1274 ή

59 1305 179 1393 ύρέλειαν
212 1313 509 1395 πρυσανσιρήσομεν
539 1307 577 1372 διΙ
608 1306 761 1396 ήμετέρου
796 1330 856 1373 που
885 1309 1039 1388 σιγιλλίοο
1074 1307 1124 1374 ἐπί
1151 1321 1189 1396 τή
1216 1307 1288 1374 κατ’

60 1425 124 1494 ιύιύν
149 1439 200 1494 τού
234 1431 346 1512 Ἀγίου
373 1431 502 1497 Παύλου
538 1444 619 1520 μονή
647 1437 703 1498 καί
731 1433 803 1506 τούς
832 1427 881 1496 ὑπ’
912 1428 1009 1518 αύτήν
1041 1429 1290 1506 ἀποκλείσαντες

60 1553 136 1617 ιελεσν
161 1557 214 1640 τήν
239 1555 273 1620 έν
297 1558 419 1630 τούτοις
443 1557 582 1642 πάροδον
610 1560 666 1620 καί
693 1555 858 1642 ἀνάκρισιν
882 1567 947 1630 τοῖς
974 1562 1041 1642 μετ’
1071 1553 1165 1622 αὐτόν
1194 1556 1290 1642 ἐξαρ-

31 1703 32 1754 j
59 1681 172 1762 χείουσιν
201 1639 336 1756 ἔξωθεν,
371 1685 426 1744 καί
452 1677 473 1766 ή
498 1683 662 1766 μετριότης
685 1675 773 1766 ἡμῶν
797 1683 1026 1770 προσηκαμένη
1056 1681 1110 1765 τήν
1138 1679 1291 1767 ἐρώτησιν

59 1799 193 1874 ύςαίτίαν
217 1804 358 1889 ἔχουσαν
375 1799 583 1892 εὐλογορανή,
608 1806 804 1888 θαρρήσασα
828 1804 864 1866 δέ
885 1806 941 1868 καί
964 1801 1078 1882 ἄλλως,
1103 1799 1209 1888 ὅτιπερ
1234 1808 1290 1867 καί

30 1955 31 2014 3
59 1923 76 1986 ιὶ
93 1929 159 2010 μετὰ
192 1929 245 1991 τόν
271 1929 409 2014 σήμερον
443 1923 660 2013 ήγουμενικύς
682 1935 738 2014 της
769 1925 1052 2014 ἀναγεγραμμένης
1076 1935 1175 2016 μονῆς
1209 1947 1289 2012 πρυ-

59 2051 225 2124 ττιτεύυντες
249 2048 320 2116 κατ’
342 2049 432 2137 ἴχνια
454 2051 553 2136 τούτῳ
569 2051 787 2135 πορεύσονται,
812 2046 863 2132 (ού
881 2053 941 2136 γὰρ
965 2047 1003 2114 ἂν
1028 2051 1070 2136 μή
1095 2060 1151 2137 τής
1174 2047 1290 2135 όμυίας

30 2181 31 2250 γ
58 2167 122 2244 όιιας
141 2175 311 2262 θευριλούς
341 2175 502 2248 πολιτείας
530 2177 586 2238 καὶ
615 2171 728 2261 ἀρετῆς
752 2183 807 2261 τῆς
833 2171 1044 2262 ήγυυμενείας
1072 2183 1128 2260 τῆς
1153 2173 1290 2240 πολυαν-

29 2283 31 2392 ή
57 2297 152 2378 θρύτυυ
174 2301 291 2383 ταύτης
315 2307 412 2384 μονής
437 2299 670 2384 έγχειρισθείεν
694 2298 768 2372 τούς
791 2297 919 2380 οἴακας)
946 2301 981 2364 τό
1005 2299 1106 2384 παρόν
1135 2297 1290 2378 σιγίλλιυν
1331 2346 1334 2356 .

58 2415 183 2507 ’³²3⁶qu
207 2421 252 2508 τῷ
275 2425 363 2508 ίίὲίθῑ
385 2423 501 2508 ταῦτηε
530 2425 721 2507 παρέσχετο·
744 2425 801 2486 καί
828 2421 1038 2506 διοριζόμεθα
1061 2418 1101 2485 δι’
1133 2418 1231 2486 αὐτοῦ
1255 2421 1290 2486 γ,

29 2563 30 2588 ι
57 2537 112 2627 ἁγίῳ
130 2547 291 2632 πνεύματι,
314 2547 435 2632 μηδένα
458 2555 517 2610 τῶν
542 2543 758 2632 ἐλευσομένων
782 2542 922 2631 ἐξάρχων
947 2555 1000 2610 τού
1025 2541 1119 2630 ὄρους
1140 2553 1194 2610 τού
1217 2541 1289 2610 Λά-

59 2687 109 2748 τριυ
132 2672 207 2752 μετὰ
231 2671 285 2732 τύν
308 2677 359 2732 νύν
384 2665 473 2746 όντα,
497 2671 549 2734 τόν
573 2667 605 2734 ἐν
630 2679 783 2754 μοναχοῑς
811 2665 983 2734 όσιύτατυν
1009 2667 1149 2746 Παύλον,
1179 2667 1290 2733 ἄδειαν

28 2823 29 2826 =
60 2788 120 2872 ἔχειν
146 2791 222 2856 καθ’
254 2790 432 2878 υἱονδήτινα
458 2791 554 2872 λόγον
581 2791 601 2880 ή
633 2795 746 2876 τρόπον
780 2789 937 2878 ὲξαρχικῷ
962 2793 1076 2877 δικαίῳ
1103 2791 1290 2878 παρεισδύε-

28 2917 29 2988 ί
61 2914 114 2976 τίοι
133 2912 162 2978 ἐν
185 2909 267 3001 αὐτῇ
291 2919 347 2980 καί
368 2917 524 3003 προφάσει
547 2923 602 3001 τῆς
626 2911 822 3000 ἀνακρίσεως
846 2925 906 2980 τῶν
930 2919 1071 3002 ψυχικῶν
1096 2914 1289 3002 σφαλμάτων

59 3047 128 3099 τυιεῐν
151 3041 327 3124 πειρᾶσθαι
360 3043 399 3104 τὰ
428 3041 470 3125 μή
505 3041 706 3126 καθήκοντα.
735 3040 889 3114 καθάπαξ
917 3043 977 3124 γὰρ
1005 3036 1198 3124 ἀποτειχίζει
1225 3049 1290 3110 τοῖς

60 3161 180 3234 τοιούτοις
202 3159 222 3250 ή
249 3165 414 3248 μετριότης
437 3159 524 3248 ήμῶν
553 3163 607 3247 τήν
631 3159 663 3226 έν
687 3174 725 3250 τη
749 3165 939 3247 πρωτοτόπιρ
969 3172 1048 3249 μονή
1073 3165 1128 3226 καί
1152 3170 1215 3234 τοῖς
1240 3155 1288 3224 ἀπ’

60 3277 129 3369 αὑτήν
150 3291 312 3373 μετυχίοις
334 3291 390 3350 καί
407 3283 572 3370 ἀγριδίυις,
595 3284 692 3372 ἤγουν
715 3289 750 3351 τό
771 3285 895 3371 Κρίνος,
920 3287 955 3350 τύ
970 3284 1118 3370 Βορράδι,
1143 3287 1182 3350 τά
1201 3282 1288 3368 Γάρ-

28 3373 29 3386 ¹
60 3427 120 3486 τινα,
143 3415 196 3476 καί
219 3421 284 3482 τοῖς
308 3411 427 3484 λοιποίς
455 3409 565 3484 ἄλλοις
588 3413 730 3497 κτήμασι
757 3421 820 3482 τοῖς
843 3413 900 3474 καί
923 3406 1074 3495 ὀνομαστί
1100 3409 1143 3495 τῷ
1172 3430 1290 3495 χρυσο-

60 3529 152 3618 βούλλιμ
174 3536 260 3619 λόγῳ
284 3543 338 3598 τού
360 3531 515 3616 βασιλέως
543 3531 665 3597 ἐκείνου
685 3541 784 3617 κωρού
809 3531 943 3620 Μιχαήλ
970 3530 1194 3620 ίμρερομένοις
1222 3531 1291 3598 εἰσ·

60 3654 150 3722 ίλιυσιν
175 3663 232 3724 καί
259 3661 360 3744 πάντη
396 3655 620 3744 ἀνενεργήτους
645 3655 724 3720 εἶναι
758 3658 793 3720 τό
817 3654 863 3721 ἐπ’
888 3651 994 3732 αότοῐς
1028 3657 1199 3742 διορίζεται
1232 3659 1288 3722 καί

60 3784 304 3858 τρυσανακείσθαι
326 3778 451 3846 εύδυκεί
472 3780 515 3867 τῷ
535 3784 620 3846 κατὰ
643 3781 698 3867 τήν
721 3776 841 3867 ἡμέραν
861 3783 1107 3866 καθηγουμένιρ,
1133 3783 1189 3844 καί
1211 3778 1242 3842 εἴ
1261 3801 1291 3842 τι

60 3920 99 3965 τοο
114 3907 246 3992 δεήσειεν
271 3901 520 3992 εόεργετηθήναι
543 3904 576 3970 ίν
598 3922 657 3968 τινι
680 3915 739 3968 τῶν
763 3905 908 3968 τοιούτων
931 3902 1090 3990 ἐνέργημα
1110 3900 1289 3988 ἐξαρχικύν,

61 4023 79 4086 τί
94 4028 121 4092 δέ
140 4035 192 4095 καί
216 4031 350 4116 ψυχικόν
376 4033 530 4116 συμπέσοι
565 4027 758 4116 ἀρρώστημα
779 4035 854 4114 παρ’
879 4025 986 4108 αότού,
1021 4031 1078 4092 καί
1100 4033 1193 4091 τούτο
1218 4025 1288 4088 έπε-

61 4157 248 4241 ννερθήσεται
263 4159 320 4220 καί
335 4155 615 4240 θεραπευθήσεται
630 4147 701 4218 κατ’
720 4150 893 4239 ἐπιστήμην
908 4151 1048 4238 ἰατρείας
1063 4154 1287 4234 πνευματικῆς,

61 4284 100 4338 τόν
117 4277 185 4352 ἴσως
211 4276 457 4364 ὑπερβαινόντων
481 4277 535 4362 τήν
567 4277 683 4340 τούτων
717 4273 809 4360 ἰσχύν
837 4279 952 4356 τεκαὶ
978 4275 1108 4359 δύναμιν
1137 4265 1289 4357 ἀναφέρε-

61 4399 117 4464 υόαι
135 4398 318 4488 όριιλόντων
340 4403 418 4486 πρός
441 4400 495 4485 τήν
518 4398 752 4484 πατριαρχικήν
774 4398 930 4484 περιωπήν
954 4395 1020 4461 κάκ
1044 4395 1160 4481 ταύτης
1183 4389 1288 4478 εόρίσ-
1374 4455 1377 4462 ,
1445 4451 1449 4460 .

61 4537 107 4585 ιιιν
129 4527 178 4612 τήν
206 4525 346 4612 μέθοδον
382 4532 438 4610 τής
466 4525 731 4609 μεταχειρήσεως.
761 4519 890 4608 ἀρέσκει
912 4522 974 4604 γὰρ
1002 4515 1019 4582 ό
1045 4521 1129 4582 κατὰ
1156 4517 1287 4602 καιρούς

61 4635 244 4732 ήγυομτνιύιιν
269 4657 324 4734 τῆς
350 4647 526 4731 σεβασμίας
549 4655 605 4710 τού
627 4643 735 4723 Ἁγίου
758 4643 888 4710 Παύλου
905 4652 1002 4729 μυνής
1026 4647 1081 4708 καὶ
1105 4641 1173 4708 ἀντὶ
1196 4639 1288 4726 ἐξάρ-
