3140 5306
278 231 342 295 246

364 421 433 503 †‘0
461 431 771 506 πρωτοπαπᾶς
800 417 1073 486 Κοοκούλοο
1101 416 1180 482 καὶ
1208 416 1398 502 Λιίικης,
1429 417 1525 482 Θεί-

276 547 419 632 δωρος
443 543 459 609 δ
484 543 732 630 Μοσχηνές
755 546 783 622 †.

562 682 651 751 OLII.
669 682 745 750 Sine
761 703 852 762 anno,
871 702 977 748 mense
992 681 1084 762 maio,
1101 680 1167 748 ind.
1185 680 1252 746 vn.

341 817 440 872 David
454 815 578 870 Βνιιίίαε
593 817 764 870 monastario
779 815 928 868 adiudicat
944 814 1063 867 liberam
1073 815 1277 884 ροστιτοίοκιιιι
1293 815 1465 868 vivariorum

748 919 819 992 (ἀμπ’
833 929 859 974 τί
875 917 1056 989 Carpathiae.

360 1037 853 1123 ίΤόκρισιμίγραφσν
877 1033 1408 1120 γράμματοδΒροολλᾶ,
1434 1029 1527 1094 ἀπι-

273 1165 599 1233 καδιστῶντος
633 1161 712 1245 τήν
747 1159 887 1245 μονὴν
927 1157 1058 1244 ἔχειν
1092 1139 1422 1242 ἀνενοχλητως
1456 1155 1526 1240 τὴν

273 1289 454 1371 λάμπην
483 1293 560 1370 της
587 1283 868 1368 Καρπαδίας
897 1285 974 1348 καί
1001 1279 1359 1367 ἀποπέμποντος
1386 1278 1525 1364 τιρμὲ·

273 1433 341 1495 ρει
365 1418 441 1473 τοῦ
465 1411 804 1494 στρατιιίτοογ.

359 1528 438 1612 †‘0
465 1539 521 1616 τῆς
549 1532 728 1617 σεβασμίας
754 1533 810 1594 καί
838 1528 932 1608 ἀγίας
955 1529 1123 1615 βασιλικῆς
1152 1537 1249 1615 μονῆς
1272 1536 1328 1614 της
1354 1523 1525 1612 ἀπεράγνοο

272 1659 429 1722 δεοτὸκοο
452 1665 513 1718 τῶν
538 1651 674 1741 Λέμβων
702 1657 888 1738 τιμιώτατος
916 1654 1172 1740 καθηγούμενος,
1202 1650 1415 1738 ίερομὸναχος
1443 1661 1524 1736 κῦρις

271 1743 461 1864 Γερσίσιμος,
488 1781 545 1841 καί
571 1774 602 1842 οί
629 1779 766 1862 μοναχοί
797 1785 852 1862 της
882 1777 1030 1861 τοιαύτης
1054 1785 1166 1862 μονῆς,
1203 1773 1408 1861 ἀδικούμενοι
1431 1773 1462 1840 ἐν
1485 1773 1523 1858 τῷ

269 1905 407 1989 κτήματι
431 1895 532 1964 αὐτῶν
556 1897 599 1984 τῷ
621 1897 665 1972 είς
689 1900 741 1964 τάν
764 1898 883 1962 κόλπον
906 1906 962 1986 τῆς
986 1897 1128 1986 Σμύρνης
1158 1899 1289 1984 βιβαρίῳ
1313 1896 1354 1982 τῷ
1380 1895 1524 1977 ἐπιλεγο-

270 2029 353 2112 μένῳ
382 2023 398 2090 δ
427 2022 525 2109 Γῦρος
553 2018 616 2087 ἀπὸ
649 2031 709 2086 τῶν
737 2025 976 2102 γειτνιαζόντων
1005 2017 1118 2095 αιἰτοδς
1146 2027 1203 2088 καί
1226 2023 1268 2109 μη
1298 2020 1447 2110 φέροντες
1474 2021 1524 2106 την

268 2147 424 2233 τοσαιίτην
457 2149 514 2210 καί
541 2146 733 2233 τηλικαύτην
761 2143 889 2210 ἀδικίαν
923 2150 979 2211 καί
1007 2151 1132 2233 ζημίαν,
1162 2144 1339 2232 ἀνέδραμον
1366 2148 1446 2232 πρὸς
1476 2147 1524 2210 τάν

267 2271 418 2357 κραταιὰν
446 2273 503 2335 καί
530 2266 622 2349 ἅγιον
644 2265 733 2356 ἡμῶν
769 2265 927 2357 αὐθέντην
954 2273 1011 2334 καί
1043 2271 1187 2354 βασιλέα,
1221 2275 1278 2336 καί
1306 2267 1458 2357 ἀνέφερον
1488 2271 1524 2333 τά

265 2397 336 2480 περί
351 2395 462 2458 τούτου
484 2403 523 2480 τη
547 2391 687 2478 κραταιῷ
706 2395 762 2457 καὶ
777 2390 855 2478 ἁγία
879 2389 975 2458 αὐτοῦ
992 2393 1148 2477 βασιλεία,
1171 2397 1227 2458 καί
1246 2396 1336 2458 θεῖον
1351 2396 1408 2458 καί
1427 2413 1522 2480 προσ-

265 2519 401 2604 κονητδν
430 2513 555 2580 ἐκεῖθεν
584 2513 768 2601 ἐπορίσαντο
796 2515 927 2602 δρισμάν
961 2514 1012 2580 έπί
1034 2515 1077 2600 τῷ
1108 2516 1149 2602 μὴ
1186 2513 1372 2582 ἀδικεῖσθαι
1400 2518 1523 2588 τοίτοος

266 2636 313 2728 ἀφ’
341 2638 389 2712 οίς
422 2635 621 2716 ἀδικοῦνται,
658 2634 743 2703 ἀλλά
771 2636 962 2706 ἀπεντεδδεν
997 2643 1147 2725 κατέχειν
1176 2641 1211 2704 τά
1247 2640 1389 2726 βιβοίριον
1425 2635 1522 2704 αὐτῶν

266 2766 347 2850 μετὰ
370 2771 427 2850 τῆς
450 2760 668 2838 είσοδοεξέδοο
692 2759 789 2826 αὐτοῦ
812 2771 872 2828 τῶν
888 2762 1139 2848 πλησιολαμπιδν
1162 2759 1322 2848 ἐγχωρίοις
1346 2764 1522 2850 λεγομένων

263 2895 319 2974 τῆς
345 2886 556 2972 Καρπαδίας,
585 2882 690 2951 ὅντινα
718 2875 807 2951 θεῖοί
834 2888 891 2952 καί
918 2889 1133 2973 προσκονητόν
1168 2883 1296 2973 δρισμάν
1326 2885 1356 2952 οἱ
1386 2890 1522 2974 μοναχοί

264 3009 493 3098 ίμφανίσαντες
518 3012 596 3096 πράς
626 3014 664 3095 μέ
693 3014 773 3095 μετὰ
800 3013 857 3074 καί
884 3027 973 3074 τινων
1001 3019 1061 3074 τῶν
1090 3007 1151 3076 ἀπό
1179 3019 1233 3075 τοδ
1256 3009 1445 3076 Κοοκοιίλοο
1468 3013 1520 3075 καί

264 3132 376 3220 ἑτέρων
411 3143 471 3198 τῶν
497 3133 726 3220 πλησιοχώρων
759 3137 984 3218 παρεπομένων
1013 3156 1078 3218 μοι,
1107 3131 1164 3198 καί
1191 3127 1285 3206 αὐτὸς
1313 3131 1345 3198 έν
1373 3136 1418 3219 τῴ
1449 3135 1519 3198 δια-

221 3325 224 3332 ,
264 3260 379 3340 στίκτιρ
407 3259 491 3340 τόπῳ
518 3260 721 3342 παραγέγονα
744 3259 799 3320 καί
822 3254 975 3342 ἐγνώρισα
1004 3259 1060 3341 μέν
1083 3259 1139 3322 καί
1166 3253 1219 3344 ἀφ’
1243 3253 1285 3322 ὧν
1308 3254 1435 3343 ἤκουσα
1459 3255 1518 3322 ἀπὸ

262 3387 321 3442 τῶν
344 3382 498 3444 συνόντων
520 3385 587 3464 μετ’
615 3377 706 3464 έμοϋ,
732 3375 780 3442 ὅτι
808 3381 843 3442 τά
872 3389 1013 3446 τοιοῦτον
1037 3379 1246 3444 ἀαλαττιαῑον
1274 3381 1380 3444 τίπιον
1404 3384 1442 3446 τὰ
1465 3385 1517 3445 καί

262 3499 440 3586 Καρπαδία
468 3497 582 3566 οὑτωσί
605 3501 776 3586 λεγόμενον
804 3513 842 3588 τη
871 3513 952 3589 μονη
981 3513 1041 3568 τῶν
1068 3501 1204 3589 Λίμβων
1231 3504 1383 3590 διαφέρει,
1412 3508 1470 3568 καί
1498 3527 1516 3590 η

262 3625 391 3711 τοιαίτη
415 3624 485 3710 ἔχει
507 3624 542 3689 τά
566 3623 699 3690 δίκαιον.
725 3623 807 3690 εἶδον
823 3625 859 3689 δέ
884 3621 996 3712 αὐτοψί
1019 3630 1075 3690 καί
1091 3626 1155 3705 έγιίι
1179 3635 1270 3692 τοῦτο
1290 3631 1347 3692 καί
1367 3627 1515 3714 διέκρινσ,

262 3745 309 3813 ὅτι
332 3745 473 3820 οὖδόλως
496 3747 639 3834 διαφέρει
662 3745 750 3833 ἄλλῳ
774 3745 848 3825 τινὶ,
871 3745 943 3814 οὔτι
967 3747 1010 3834 τῷ
1035 3753 1202 3834 κατέχοντι
1217 3749 1260 3836 τῷ
1281 3751 1422 3837 ποταμῷ,
1448 3751 1516 3818 οὔτε

262 3871 371 3944 ἄλλοις
395 3875 485 3935 τισίν·
509 3868 525 3934 δ
549 3873 610 3957 γὰρ
625 3874 766 3956 ποταμὸς
789 3869 917 3943 ίδιάίων
941 3868 1076 3957 ἀπάρχει
1098 3876 1154 3936 καί
1175 3875 1280 3959 πόρρω
1301 3876 1422 3939 τούτου.
1439 3883 1515 3940 ταῦ·

260 4017 299 4058 τα
327 3991 425 4068 οἱίτως
453 3993 571 4067 εἰδότες
606 3997 661 4058 καί
691 4000 896 4079 γνωρίσαντες
924 3995 978 4080 την
1011 4003 1174 4080 παροῦσαν
1200 4001 1348 4083 κρισίμην
1380 3999 1513 4086 γραρήν,

259 4116 302 4194 ὣς
331 4117 630 4204 ἀποκαταστατικην
659 4113 698 4181 δι’
727 4115 891 4200 ἑδραίωσιν
920 4125 975 4202 τῆς
1002 4117 1234 4206 διαληρδείσης
1258 4129 1370 4206 μονῆς,
1395 4143 1516 4207 τεκμη-

258 4243 389 4326 ρέρενοι
418 4240 666 4326 ἐπιδεδωκαμεν,
701 4241 814 4314 καθὼς
849 4244 904 4304 καί
932 4238 1125 4339 δ’κραταιάς
1152 4247 1208 4307 καί
1235 4241 1327 4323 ἅγιος
1357 4240 1515 4330 αιἰδέντης

257 4363 315 4429 καὶ
342 4367 490 4448 βασιλεὺς
518 4363 696 4450 διορίζεται.
726 4360 842 4452 δρείλει
870 4363 904 4426 δέ
932 4365 1065 4450 τεθῆναι
1099 4369 1155 4429 καί
1182 4377 1433 4456 καταγραρηναι
1461 4373 1514 4432 καί

258 4485 290 4550 έν
316 4488 357 4572 τῷ
378 4486 541 4573 πρακτικῷ
559 4497 613 4574 τῆς
637 4495 742 4573 μονῆς.
767 4487 819 4550 διά
843 4490 903 4572 γάρ
927 4495 1018 4552 τοῦτο
1035 4487 1177 4568 έγεγένει
1201 4483 1281 4577 αάτη
1297 4495 1353 4556 καί
1377 4493 1415 4555 τὸ
1435 4511 1515 4576 παρ-

258 4613 292 4672 όν
320 4631 381 4694 μοο
409 4615 540 4694 γράμμα
563 4609 607 4680 τίς
635 4607 820 4696 ἀσφάλειαν.
849 4613 954 4694 μηνί
989 4607 1103 4692 μαΐιρ
1130 4609 1209 4675 ίνδ.
1247 4609 1454 4700 ἑβδόμης
1483 4620 1512 4694 †,
