3190 5284
380 425 465 505 †‘0
495 429 659 499 δοῦλος
688 435 764 491 τού
800 438 1032 510 κραταιοῦ
1066 433 1144 494 καί
1174 428 1308 510 άγίου
1336 428 1460 516 ἡμῶν
1502 427 1583 495 αύ-

290 550 810 632 θίντοοκαίβασιλέως
838 549 1052 636 Ἰωάννης
1081 553 1316 635 σεβαστός
1344 550 1362 618 ὁ
1390 552 1585 646 Ἀληθι-

290 676 367 746 νός
400 671 562 756 οἰκοίη
595 677 725 759 χειρί
759 676 993 758 πρυέταξα
1026 678 1056 753 γ.

376 845 473 930 ’γἘν
502 846 634 934 όνόματι
663 857 717 912 τού
746 851 864 934 πατρός
895 852 951 912 καί
982 855 1036 914 τού
1069 847 1160 930 άγίοο
1190 853 1378 936 πνεύματος.
1406 850 1423 918 ό
1447 854 1583 925 δοῦλος

288 982 342 1037 τού
373 980 530 1057 κραταιοῦ
553 975 610 1035 καὶ
642 967 735 1050 ἁγίου
758 967 847 1057 ἡμῶν
869 963 1025 1036 αύδέντου
1051 976 1107 1036 καί
1140 973 1307 1055 βασιλέως,
1333 973 1485 1064 Ἰωάννης
1518 1001 1580 1042 σε-

288 1097 404 1180 βαστός
427 1093 444 1160 ό
468 1095 651 1182 Ἀληθινός,
677 1092 801 1159 ἄνωθεν
822 1101 877 1158 τού
900 1097 1056 1179 παρόντος
1080 1091 1177 1182 ύφους
1203 1093 1419 1184 οίκειοχείρως
1443 1106 1580 1184 προτά-

284 1222 340 1296 ξας
355 1220 411 1306 την
431 1227 594 1303 παροῦσαν
617 1215 779 1304 ἔγγραφον
802 1221 859 1281 καί
883 1215 1112 1305 ἐνυπόγραφον.
1136 1223 1193 1283 καὶ
1217 1223 1278 1304 γὰρ
1295 1217 1357 1285 ἀπό
1382 1230 1438 1308 τῆς
1457 1227 1579 1310 σήμε-

286 1363 361 1430 ρον,
396 1339 465 1428 ἥτις
494 1337 560 1405 ἐστί
592 1339 929 1426 τεσσαρεσκαιδεκάτη
961 1349 1015 1404 τοῦ
1039 1344 1194 1426 παρόντος
1225 1349 1358 1428 μαριίυυ
1382 1348 1485 1430 μηνός
1518 1357 1581 1432 τῆς

285 1473 339 1531 νύν
362 1466 539 1552 τρεχούσης
560 1463 829 1549 τρισκαιδεκάτης
856 1462 1062 1541 ἰνδικτιιύνος,
1088 1461 1268 1549 ἀποδίδωμι
1300 1467 1393 1550 χάριν
1417 1471 1579 1555 ψυχικῆς

281 1587 371 1677 ἡμῶν
399 1592 557 1672 σωτηρίας
584 1588 663 1672 πρός
692 1587 749 1671 την
777 1587 875 1672 μονῆν
904 1593 959 1651 τού
989 1584 1081 1665 ἁγίου
1110 1587 1391 1674 μεγαλομάρτυρος
1419 1595 1478 1654 καί
1516 1591 1577 1656 ἐα-

281 1719 420 1798 ματικοιῖ
448 1709 713 1795 Παντελεημονος
741 1711 798 1772 καί
825 1711 905 1794 πρὸς
932 1713 978 1786 σέ,
1008 1711 1061 1773 τόν
1095 1712 1343 1796 καθηγούμενον
1366 1722 1422 1798 τῆς
1459 1709 1577 1801 αὐτῆς

279 1831 374 1914 ἁγίας
392 1843 490 1920 μονῆς
513 1841 572 1918 κύρ
597 1829 758 1909 Λέοντιον,
782 1835 839 1895 καί
860 1833 938 1916 πρός
963 1831 1035 1904 τούς
1057 1828 1115 1896 ύπό
1141 1836 1186 1908 σε,
1212 1830 1430 1920 ἀσκουμένους
1457 1859 1577 1922 μονα-

278 1959 358 2044 χυύς
387 1959 427 2022 τά
455 1955 571 2022 ἐλαῖκὰ
598 1953 687 2043 ἡμῶν
715 1955 831 2041 δένδρα
859 1957 898 2018 τὰ
927 1955 961 2019 ἐν
989 1957 1032 2040 τῷ
1059 1959 1165 2042 χωρίιρ
1196 1978 1256 2040 μου
1283 1963 1338 2021 τού
1367 1957 1576 2044 Παναρέτσο

277 2081 465 2166 διακείμενα
490 2077 522 2143 ἐν
546 2090 585 2164 τη
610 2081 789 2160 τοποθεσίογ
812 2085 866 2140 τού
892 2077 1058 2154 ἐλαιῶνος,
1084 2081 1123 2142 τὰ
1145 2083 1203 2142 καί
1226 2079 1361 2165 πλησίον
1389 2090 1451 2144 τῶν
1484 2081 1575 2147 ἀνύ-

276 2205 359 2290 δρων
388 2201 586 2290 ἐλαιοφόρον
610 2201 761 2286 δένδρων,
797 2197 849 2264 οἶά
872 2197 929 2264 καὶ
953 2197 1015 2265 ὅσα
1050 2199 1129 2266 εέσίν
1156 2197 1177 2288 ἡ
1206 2201 1464 2290 ἐπιτυγχάνουσα
1509 2231 1576 2292 μοι

274 2326 363 2414 μερίς
387 2323 449 2390 ἀπό
473 2333 527 2390 τού
550 2321 798 2409 Μαοροιωάννυυ
821 2321 981 2408 Γεωργίου
1004 2327 1060 2388 καί
1084 2321 1146 2389 ἀπό
1170 2333 1225 2388 τού
1246 2325 1421 2413 ἐξαδέλφου
1448 2323 1566 2395 αὐτοῦ

272 2447 432 2536 Γεωργίου
461 2457 515 2512 τοῦ
543 2443 742 2533 Ἀγαρηνοιῖ,
771 2455 826 2510 τοῦ
852 2445 940 2532 ἔχειν
968 2451 1024 2510 καί
1047 2452 1197 2534 κατέχειν
1220 2443 1239 2534 ἡ
1265 2449 1395 2534 τοιαύτη
1420 2453 1512 2537 μονή
1543 2451 1567 2539 ἡ

272 2577 329 2638 καί
356 2572 543 2658 δηλωόεῖσα
572 2567 695 2634 ἄνωθεν
723 2573 763 2634 τὰ
790 2578 922 2633 τοιαῦτα
951 2567 1126 2656 ἐλαιοφόρα
1155 2571 1269 2655 δένδρα
1298 2570 1342 2643 είς
1371 2571 1446 2645 τούς
1478 2571 1568 2660 ἑξῆς

272 2693 414 2768 ἅπαντας
441 2697 497 2758 καί
530 2693 688 2780 διηνεκεῖς
722 2698 871 2778 χρόνους,
907 2695 1018 2777 μέχρις
1048 2687 1085 2755 ἀν
1114 2695 1148 2756 τό
1176 2697 1333 2776 περίγειον
1361 2699 1568 2762 συνίσταται

269 2821 326 2883 καί
353 2815 370 2882 ό
398 2813 488 2902 ἥλιος
517 2813 617 2902 ἐφορᾷ
649 2818 683 2878 τό
707 2824 784 2891 πᾶν,
810 2813 919 2878 ἄδειαν
944 2811 1083 2900 ἐχούσης
1111 2824 1165 2900 τῆς
1189 2817 1338 2902 τοιαύτης
1365 2813 1463 2895 άγίας
1492 2841 1567 2904 μο-

267 2951 325 3030 νῆς
354 2940 403 3006 ἐπί
430 2953 494 3014 τοῖς
524 2941 677 3011 τοιούτοις
706 2937 846 3010 ἐλαῖκοῖς
874 2935 1017 3022 δένδροις
1044 2937 1157 3000 πωλεῖν
1192 2934 1288 3014 αὐτὰ,
1325 2937 1563 3024 ἀνταλάττειν,

269 3067 404 3154 ἐκριζοῖν
428 3069 484 3128 καί
508 3061 610 3127 τᾶλλα
626 3065 730 3126 πάντα
752 3072 851 3125 ποιεῖν
875 3063 959 3124 κατὰ
979 3061 1032 3124 τὸν
1055 3059 1232 3146 ἀρέσκοντα
1255 3063 1381 3148 δηλαδὴ
1406 3068 1465 3128 καί
1492 3087 1562 3131 νο-

268 3193 437 3275 μιζόμενον
462 3183 568 3260 αὐτοῖς
591 3189 714 3272 τρόπον.
745 3181 830 3256 ὅστις
854 3183 889 3247 δέ
915 3181 946 3258 ἐξ
969 3182 1058 3270 ἡμῶν
1082 3185 1231 3270 βουληθῇ
1256 3181 1332 3269 ύπέρ
1358 3183 1563 3275 ἀνατροπῆς

267 3320 322 3390 τού
350 3309 439 3398 ἡμῶν
468 3308 623 3382 ἑκουσίως
652 3311 821 3387 γεγονότος
849 3303 1009 3393 ἐγγράφου
1038 3301 1113 3390 ύπὲρ
1142 3310 1281 3392 ψυχικῆς
1314 3303 1403 3394 ἡμῶν
1432 3331 1562 3397 σωτη.

266 3423 352 3522 ρίας,
372 3418 414 3522 μῆ
437 3438 532 3520 μόνον
556 3427 593 3496 ού
623 3433 665 3518 μὴ
690 3430 902 3506 εἰσακούεται,
929 3425 999 3492 ἀλλ’
1022 3427 1274 3514 ἐμφανιίομένου
1298 3433 1354 3494 καί
1377 3437 1432 3494 τού
1458 3453 1562 3519 παρ-

266 3561 356 3628 όντος
388 3554 477 3643 ἡμῶν
511 3553 672 3640 ἐγγράφου
705 3551 767 3618 ἀπό
799 3555 917 3624 παντός
946 3553 1043 3635 νόμου
1071 3553 1127 3612 καί
1161 3551 1369 3638 δικαστηρίου
1397 3556 1562 3620 καταδε-

264 3679 457 3765 δικασμένος
480 3680 538 3742 καί
560 3679 806 3762 κατησχυμένος
831 3671 1060 3756 ἀποπέμπεται,
1084 3672 1139 3736 σύν
1164 3674 1285 3746 τούτοις
1308 3671 1370 3750 ἔξει
1395 3673 1455 3739 καὶ
1484 3683 1560 3753 τὰς

264 3801 345 3888 όιράς
368 3809 428 3866 τῶν
452 3803 641 3885 τριακοσίων
666 3795 889 3860 όκτωκαίδεκα
913 3797 1078 3881 θεοφόρων
1101 3799 1243 3880 πατέρων
1272 3807 1332 3862 τῶν
1357 3795 1389 3861 έν
1412 3797 1560 3888 Νικαῖᾳ

262 3929 320 3990 καί
347 3921 366 4012 ἡ
392 3927 478 4010 μερίς
503 3919 599 3986 αύτοιῖ
624 3925 703 4006 μετὰ
727 3927 781 3984 τοῦ
804 3919 959 4004 προδότου
983 3915 1087 3982 Ἰούδα
1115 3920 1350 4006 λογισδῆσαιτο
1374 3926 1430 3986 καί
1457 3933 1558 4008 μετὰ
1586 3907 1587 3912 ¹

261 4058 322 4112 τῶν
346 4048 548 4130 κεκραγότων
566 4047 612 4108 τό·
636 4042 723 4129 ἀρυν,
754 4039 840 4126 άρον,
866 4041 1047 4126 σταύρωσον
1072 4044 1124 4105 τόν
1149 4040 1214 4106 υἱόν
1232 4051 1285 4106 τού
1310 4047 1400 4109 θεοῦ.
1427 4068 1486 4134 μη
1506 4057 1557 4114 vt
1585 4079 1586 4082 ι

259 4176 338 4236 καί
371 4170 451 4233 ίνδ.
481 4179 577 4239 τοῖς
606 4167 1053 4250 προγεγραμμένοις
1085 4161 1288 4228 ἐνώπιον
1324 4178 1407 4230 τοῖν
1432 4165 1555 4236 ύπο.

260 4297 565 4380 γραψομένων
597 4287 835 4372 μαρτύρων
866 4289 896 4364 †.
1584 4255 1585 4281 ¹

304 4451 413 4531 Σίγνον
452 4439 702 4546 ίΚωνοταντῖνου
749 4442 859 4521 Σίγνυν
911 4429 1080 4538 ,Γεωργίου
1130 4439 1240 4520 Σίγνον
1270 4433 1443 4529 ύΓεωργίου

304 4584 358 4640 τού
387 4565 551 4669 ἈρΙμένη.
743 4576 797 4632 τού
825 4559 995 4662 ΚακΙαβοῖ.
1130 4575 1184 4629 τού
1229 4565 1523 4662 Μφαυροιωάννου.
1582 4577 1583 4647 ί
