3190 5284
261 269 322 332 130

346 463 365 538 †
389 459 441 524 Ἐν
470 457 602 546 δνάματι
636 480 666 524 κ.
697 479 722 522 τ.
749 460 776 524 λ.
802 455 938 545 Εἰρήνη,
967 455 1090 524 ἐκείνου
1119 455 1254 545 Μιχαὴλ
1289 465 1343 524 τοῦ
1379 454 1501 524 Φωκᾶ
1531 449 1556 540 ἡ

259 584 402 669 συμβιος,
431 585 487 648 καὶ
509 579 527 646 δ
551 585 681 668 ηνήσιος
708 577 797 668 ἡμῶν
832 579 925 666 [υἱὸς]
950 580 1097 668 Ἰωάννης
1121 604 1151 648 κ.
1180 605 1207 648 τ.
1229 582 1259 646 λ.
1283 581 1339 668 τήν
1362 587 1556 665 παροῦσαν

262 707 422 794 ἔγγραφον
451 710 507 770 καὶ
537 703 752 794 ἐνυτάηραφον
781 703 973 806 ἁπεντεδδεν
1000 717 1113 791 πρᾶσιν
1150 717 1209 770 τῶν
1244 709 1392 772 κάτοιδεν
1423 704 1556 792 δηλω-

259 833 451 916 δησομένων
479 828 616 894 ὲλαῑκιδν
644 828 779 915 δάνδρων
808 851 839 894 κ.
869 851 894 896 τ.
920 830 948 894 λ.
972 839 1123 916 ποιοῦμεν
1140 879 1147 893 .
1166 879 1173 894 .
1191 879 1225 894 ..
1249 831 1327 915 πρὸς
1351 829 1406 914 την
1434 829 1556 911 σεβα-

261 959 356 1040 σμίαν
381 953 550 1040 βασιλικὴν
575 954 673 1040 μονὴν
698 961 753 1040 τῆς
777 950 953 1040 ὑπεράγνου
976 955 1178 1040 δεομήτορος
1207 961 1262 1038 τῆς
1286 951 1555 1038 Λεμβιιοτίσσης

260 1079 408 1162 καὶπρὸς
433 1080 486 1144 τόν
502 1078 618 1163 ταύτης
633 1073 897 1164 ἡηουμενεδοντα,
921 1085 981 1162 κῦρ
1004 1075 1190 1156 Ἀγάθωνα,
1210 1079 1266 1142 καὶ
1287 1079 1365 1162 πρὸς
1382 1077 1457 1148 τοὺς
1489 1069 1551 1140 ὑπ’

261 1199 358 1288 αὐτὴν
381 1197 600 1286 ἀσκουμένους
624 1197 765 1274 ἅπαντας
782 1201 944 1287 μοναχούς
968 1198 1013 1275 εἰς
1038 1202 1090 1265 τάν
1114 1199 1214 1265 αἰῶνα
1238 1203 1291 1266 τὸν
1315 1197 1452 1264 ἅπαντα.
1483 1203 1557 1262 καὶ

262 1328 323 1411 γὰρ
347 1328 387 1390 τά
410 1323 527 1389 ἐλαϊκὰ
543 1325 658 1409 δένδρα
682 1327 721 1388 τὰ
744 1321 776 1388 ἐν
801 1335 839 1412 τη
863 1326 956 1390 δόσει
972 1331 1027 1388 τοῦ
1050 1322 1224 1408 Τριηυνίου
1248 1327 1288 1390 τά
1311 1327 1367 1388 καὶ
1389 1323 1555 1409 τλησια·

264 1451 341 1520 στὰς
370 1447 488 1534 ἔχοντα
518 1445 579 1512 ἀπὸ
609 1451 665 1534 μὲν
690 1444 847 1536 ἀνατολῆς
877 1449 929 1513 τὸν
952 1447 1149 1534 Βυλλυόρην,
1175 1445 1237 1515 ἀπὸ
1261 1449 1297 1512 δὲ
1320 1448 1442 1520 δύσεως
1467 1447 1559 1514 Θω-

265 1583 327 1659 μάν
356 1575 408 1636 τόν
443 1571 574 1650 Πυλᾶν,
609 1570 671 1636 ἀπὸ
699 1571 735 1635 δὲ
760 1569 878 1658 ἄρκτου
905 1573 958 1636 τὸν
986 1571 1209 1659 Βυλοβόντην,
1246 1569 1313 1648 ἀπὸ,
1339 1572 1375 1635 δὲ
1403 1594 1556 1658 μεσημ-

265 1700 354 1782 βρίας
382 1698 433 1760 τὸν
469 1694 584 1774 Παλᾱ,
609 1692 688 1779 ἅπερ
712 1695 779 1781 ἔχοι
805 1692 837 1769 ἐξ
861 1694 1037 1780 ἀηορασίας
1068 1693 1129 1760 ἀπὸ
1153 1695 1306 1782 Μανουήλ
1330 1705 1384 1762 τοῦ
1407 1694 1556 1760 Κοντο-

264 1821 396 1900 ττουλυυ,
433 1823 654 1906 αιτράσκομεν
677 1822 754 1905 πρὸς
789 1819 844 1905 τὴν
883 1817 1007 1884 ἄνωθεν
1042 1819 1246 1906 δηλυδεῐσαν
1283 1819 1557 1906 μυνήν,δὲνδρα

266 1942 382 2008 ἐλαϊκὰ
416 1942 495 2008 ἑπτὰ
530 1948 609 2030 μετὰ
638 1952 693 2030 τῆς
729 1940 912 2029 ἀνηκούσης
940 1937 1042 2006 αὐτῶν
1078 1953 1136 2029 γης
1167 1948 1223 2006 καί
1258 1952 1313 2008 τοῦ
1343 1939 1558 2028 ἀρδευτικοῦ

268 2062 370 2132 αὐτῶν
392 2063 508 2139 δδατος
525 2118 532 2132 .
550 2117 557 2132 .
576 2117 584 2131 .
603 2115 610 2130 .
632 2063 676 2140 εὶς
693 2062 854 2152 ὑπέρπυρα
878 2067 911 2142 ἓξ
937 2064 1058 2146 ἐξάγια,
1083 2067 1159 2152 ἂδη
1184 2071 1366 2152 νομίσματα
1381 2067 1560 2150 λαβόντες

269 2213 300 2257 κ.
325 2214 352 2255 τ.
376 2194 416 2266 λ.,
442 2187 580 2277 δφείλεις
604 2191 639 2254 δὲ
663 2187 738 2275 ὅπερ
763 2191 939 2263 ἐπιτελεῑας
958 2193 1015 2255 καί
1037 2192 1153 2264 παντὸς
1170 2193 1352 2276 ζητήματος
1375 2196 1449 2254 κατ’
1467 2191 1560 2264 ἔτος

270 2314 491 2400 ἀνεπαυξήττυς
518 2317 575 2377 καὶ
604 2311 820 2400 ἀνυστερήτιυς
837 2363 845 2378 .
863 2363 870 2378 .
890 2363 896 2378 .
915 2364 922 2378 .
943 2315 1185 2400 πολιτευόμενον
1215 2314 1247 2378 ἓν
1265 2362 1272 2377 .
1290 2363 1297 2379 .
1317 2363 1349 2378 ..
1379 2312 1406 2378 εἰ
1429 2315 1467 2377 δέ
1500 2337 1561 2388 τις

270 2433 324 2526 ἀφ’
348 2434 437 2524 ἡμῶν
462 2438 611 2524 βουληθῇ
637 2435 811 2524 ἀνατρέψαι
835 2440 874 2501 τὰ
897 2439 1006 2512 καλῶς
1022 2487 1030 2502 .
1049 2487 1056 2502 .
1074 2487 1107 2504 ..
1135 2433 1224 2524 ἡμῶν
1247 2441 1458 2524 τεσρακάτα.
1480 2487 1490 2502 .
1515 2489 1525 2503 .
1549 2489 1558 2503 .

271 2565 371 2648 ζημία
403 2555 645 2646 ὑποκεισάμεδα
673 2558 831 2647 ὑπέρτυρα
859 2561 1032 2628 δεκαπέντε
1066 2565 1122 2626 καί
1156 2563 1192 2626 τά
1220 2565 1304 2627 κατὰ
1338 2565 1457 2647 νόμους
1501 2562 1560 2636 εἰς

270 2685 323 2750 τὸν
346 2685 501 2770 δημόσιον
525 2703 555 2748 κ.
581 2705 607 2750 τ.
631 2685 659 2750 λ.
690 2689 797 2772 μηνὶ
824 2683 987 2772 ἰουλὶιρ
1015 2683 1094 2752 ἱνδ.
1119 2686 1138 2752 ι’
1163 2693 1240 2750 τοῦ
1271 2683 1377 2773 ,ςφῌ
1401 2684 1560 2760 ἔτους

269 2828 301 2876 κ.
326 2831 353 2872 τ.
377 2807 406 2873 λ.

358 2929 647 3017 ’ςΓειδργιος
682 2928 838 3018 ἱερεὺς
873 2927 890 2995 δ
925 2930 1259 3020 Βαμβουλῑδης
1296 2943 1558 3020 μαρτυρῶν

271 3051 477 3142 δτέγραφ
547 3057 577 3135 †.

359 3177 540 3265 Μάρτυρες·
568 3176 712 3265 Νικητας
740 3175 757 3244 ὁ
780 3175 941 3266 Γαλάτης,
964 3177 1099 3266 Μιχαὴλ
1121 3176 1139 3245 ὁ
1162 3179 1410 3268 Πετυλημὲνος,
1433 3177 1562 3266 Γιώρ-

273 3323 342 3384 ηιος
365 3295 383 3366 δ
405 3301 552 3390 Γαλὲτης
575 3317 601 3364 α
615 3309 786 3380 subscriptio
800 3307 917 3366 Νισαῖοι·
932 3311 987 3368 τοῦ
1004 3301 1260 3390 Φιλοκυνηγίτου
1275 3321 1307 3364 ατ
1322 3313 1449 3382 σοφίαι.

530 3561 623 3630 LXII.
640 3565 869 3644 6791-1283,
886 3585 993 3631 mense
1008 3565 1129 3649 martio,
1146 3565 1211 3632 ind.
1229 3567 1281 3634 XI.

458 3711 596 3784 Gooryius
611 3711 752 3767 Poto-itm
766 3716 938 3768 monasterio
954 3715 1048 3769 vendit
1064 3718 1175 3770 vineam
1189 3726 1215 3771 ει
1231 3717 1358 3774 arbores.

364 3879 468 3965 ’[Τό
495 3883 754 3967 πρατήριον
783 3885 1073 3966 στρατιώτου
1100 3881 1336 3970 Γεωργῑου
1362 3891 1438 3948 τοῦ
1466 3885 1559 3952 Πε-

277 4011 437 4094 τρῐτζη
477 4008 615 4092 χάριν
651 4013 728 4069 τοῦ
771 4003 1089 4093 διαφέροντος
1128 4003 1454 4074 ὑποστατικου
1496 4027 1560 4101 τῇ

278 4124 1053 4216 ηυναικαδέλφηαὐτοῦΕὶρὴνηῒ.

326 4343 330 4356 ,
370 4271 504 4360 Signa:
538 4269 697 4356 Γευρηίου
721 4273 913 4356 στρατιώτου
937 4280 991 4336 τοῦ
1014 4271 1179 4360 Πετρῑτζη,
1202 4279 1330 4352 Mariae,
1354 4283 1413 4336 eim
1435 4289 1559 4357 moris,

278 4403 442 4473 Μίολαέῑάε,
459 4420 555 4458 eorum
564 4402 630 4474 filii,
649 4400 807 4456 Andronici
822 4411 848 4455 τά
863 4399 1026 4472 Michaelis,
1036 4403 1168 4476 fratrum
1183 4421 1287 4464 amm.

367 4543 388 4617 †
411 4537 463 4602 Ἐν
487 4535 619 4622 ὀνόματι
641 4557 672 4601 κ.
696 4557 721 4601 τ.
747 4534 775 4598 λ.
801 4533 825 4599 Γ
828 4538 956 4621 τάργιος
976 4533 993 4600 ὁ
1016 4535 1190 4624 Πετρῑτζης
1212 4535 1308 4626 καὶὴ
1334 4541 1468 4625 σύμβιός
1487 4567 1559 4628 μου

280 4661 389 4748 Μαρία
413 4665 467 4725 καὶ
492 4660 521 4725 οἱ
544 4664 666 4747 γνήσιοι
689 4655 778 4745 ἡμῶν
800 4659 909 4733 παῖδες
939 4681 969 4726 κ.
994 4681 1019 4726 τ.
1044 4660 1071 4726 λ
1097 4660 1152 4747 τήν
1179 4671 1341 4748 παροῦσαν
1365 4712 1373 4729 .
1393 4713 1426 4732 ..
1456 4679 1550 4754 πρᾱ.
