3140 5284
254 263 316 329 182

337 452 374 520 ‘H
415 455 632 540 καταρχή
671 461 753 520 τῶν
797 452 1011 540 χαρτῴων
1059 451 1394 540 δικαιωμάτων
1439 461 1522 518 τῶν

237 575 414 665 Μήλιον
442 580 522 647 καί
549 586 626 664 τῆς
653 577 808 664 Βάρης
843 581 980 664 χάριν
1008 585 1090 644 τῶν
1118 574 1162 642 ίν
1194 573 1353 654 αύτοίς
1383 596 1523 663 πραχ-

253 705 404 786 μάτων
439 705 469 782 μ

522 890 599 962 0111.
618 889 693 960 Sine
710 915 800 974 anno,
820 909 925 962 mense
941 899 1085 979 augusto,
1102 891 1167 966 ind.
1187 891 1251 960 VII.

317 1043 481 1116 Imperator
495 1044 615 1098 άοοστίέί
630 1045 705 1098 iubet
720 1045 899 1120 αεαιέρίίοίοο
914 1046 968 1102 vici
982 1043 1124 1100 Μοίσιτιαι
1139 1055 1165 1100 τί
1180 1061 1266 1116 aaron
1281 1043 1459 1100 monasterii.

339 1194 674 1280 ήΠρύσταημα
703 1195 1041 1281 δυοριζύμονσν
1069 1193 1281 1280 τῷδουκί
1308 1193 1522 1280 τῶνΘρτι·

253 1325 430 1406 κησίων
464 1317 517 1404 τῷ
553 1316 772 1404 Λάσκαρι
805 1317 922 1404 πυρῷ
960 1317 1312 1403 Κωνοταντίνορ,
1347 1315 1427 1384 ἵνα
1461 1340 1524 1403 τη·

225 1424 371 1530 Ιρήση
400 1451 543 1512 ταῦτα
572 1439 911 1532 ἀποχραρικιῖις
940 1445 1018 1508 καί
1046 1439 1426 1530 ἀποκαταστήσῃ
1450 1445 1525 1508 καί

252 1566 507 1666 παραδούσῃ
531 1570 561 1647 †.

341 1693 361 1777 †
390 1689 496 1760 θίκοίτ
523 1701 564 1778 τῇ
593 1691 748 1778 βασιλεία·
768 1711 842 1776 μου,
879 1689 954 1768 δούξ
981 1697 1036 1760 τοῦ
1064 1691 1208 1775 θύματος
1231 1699 1292 1754 τῶν
1319 1689 1521 1775 Θρακησίων,

252 1823 311 1898 κύρ
338 1813 556 1882 Κωνοταντῐντ
584 1811 744 1902 Αάσκαρι.
772 1809 793 1901 ἡ
828 1814 976 1899 βασιλεία
1004 1833 1064 1900 μου
1098 1813 1270 1898 διορίζεταί
1304 1835 1366 1896 σοι,
1405 1809 1450 1887 ὥς
1485 1809 1520 1878 ἂν

253 1935 401 2024 άπέλέης
430 1936 474 2011 τίς
509 1941 546 2006 τύ
573 1943 691 2025 χωρίον
719 1941 760 2004 τὰ
781 1936 879 2024 Μήλα
902 1939 937 2002 τύ
962 1932 1020 2004 ύπὸ
1045 1938 1101 2024 τήν
1129 1938 1307 2023 σοβασμίαν
1336 1937 1438 2024 μονήν
1461 1945 1518 2000 τῶν

252 2059 389 2148 Λέμβων
424 2065 481 2129 καί
510 2059 743 2148 ἄναθτωρήσης
777 2063 850 2136 τούς
885 2057 989 2126 ἐκεῖσε
1023 2061 1314 2148 προσκαθημένσυς
1347 2065 1519 2148 παροίκους

256 2189 313 2250 καί
341 2183 532 2271 σίναηρςίψης
561 2187 690 2259 τούτους
719 2188 775 2252 καί
805 2182 1078 2270 ἀπσκαταστήσης
1103 2181 1241 2250 έκαστον
1270 2194 1330 2250 τῶν
1360 2189 1520 2270 παροίκων

254 2305 519 2396 ήζουγαριτιτιήν
543 2306 563 2396 ή
590 2309 775 2394 βοίδατικήν
801 2311 887 2374 κατὰ
915 2308 970 2394 τήν
994 2305 1135 2376 ἑκάστου
1163 2303 1311 2394 εὐπορίαν
1339 2311 1397 2374 καί
1425 2307 1517 2372 δύνα-

137 2417 140 2424 ’
254 2452 304 2518 μιν
331 2436 388 2498 καί
417 2430 689 2521 ἀποκαταστήσας
717 2429 831 2508 αύτούς
854 2433 978 2502 διδόναι
1005 2435 1040 2500 τύ
1070 2432 1248 2512 ἀναλογοῦν
1272 2431 1315 2520 τῷ
1337 2434 1517 2517 ζτυηαροίιφ
1553 2489 1554 2500 ,

252 2533 309 2644 καί
337 2554 380 2640 τῷ
408 2555 558 2642 βοῖίάττρΙ
579 2559 748 2642 παροικιὸν
776 2556 868 2630 τέλος
896 2559 954 2620 καί
981 2555 1035 2643 τήν
1071 2555 1219 2623 δουλείαν
1243 2549 1358 2638 αύτού,
1390 2561 1448 2624 ααί
1469 2552 1517 2618 ἵνα

253 2677 365 2747 διδῶσι
393 2682 450 2744 καί
476 2681 511 2745 τύ
539 2677 917 2766 οίιιομυύοτταράσπορον,
952 2679 1067 2754 καθὼς
1095 2682 1152 2744 καί
1181 2677 1231 2744 έτί
1259 2689 1314 2744 τού
1336 2679 1516 2764 Βλατττρού

253 2805 309 2870 καί
344 2799 394 2870 έπί
428 2811 484 2868 τού
517 2805 848 2892 προηγουμτνούοντος
881 2801 1061 2892 Γορασίμου
1090 2809 1143 2868 τοῦ
1179 2801 1364 2890 Ὀήικιάνου
1391 2807 1450 2870 καί
1476 2801 1515 2890 μή

253 2921 355 3012 ίτίσης
379 2926 454 2999 τούς
476 2925 614 3014 χωρίτας
636 2925 694 2994 ένα
713 2925 853 2994 ἕκαστον
876 2937 986 3006 ποιεῖν,
1011 2924 1086 3013 ὅπερ
1111 2925 1174 3014 ἄρα
1190 2931 1247 2992 καί
1270 2928 1431 3012 βούλεται
1456 2927 1517 2992 έτοί

252 3049 288 3114 66
317 3055 373 3118 καί
401 3048 536 3138 Μιχαὴλ
558 3047 576 3116 6
599 3049 859 3138 Γοοναρέιτυυλος
883 3051 951 3138 εἶχε
974 3055 1082 3138 πρώην
1113 3047 1176 3118 ἀπὸ
1199 3049 1257 3139 τῆς
1280 3061 1340 3140 γῆς
1363 3062 1425 3118 τῶν
1446 3049 1514 3136 Μή·

252 3173 316 3240 λων
340 3183 398 3261 χήν
422 3175 613 3258 βοίδαρτικῶν
640 3186 730 3262 τριῶν
754 3179 811 3242 καί
834 3173 896 3240 ἀπὸ
923 3175 1091 3263 ύελήσεως
1122 3172 1218 3240 αύτυύ
1244 3179 1302 3241 ααί
1325 3184 1381 3242 τοῦ
1407 3180 1515 3262 μέρους

252 3293 350 3362 αύτού
379 3295 518 3366 ἀπέλυσα
547 3300 602 3384 τήν
629 3303 704 3386 μίαν
729 3299 915 3386 βοῑδατικήν
943 3308 1001 3387 γῆν
1024 3304 1081 3366 καί
1107 3311 1242 3386 κατεῖχε
1265 3301 1381 3387 ταύτην
1405 3301 1440 3366 τύ
1462 3301 1513 3387 μέ-

251 3438 305 3510 ρος
329 3431 383 3488 τού
406 3421 568 3508 Βλστορού
591 3427 648 3488 καί
678 3428 758 3509 μετὰ
781 3431 882 3488 ταῦτα
904 3435 1036 3509 ααττίχο
1065 3425 1180 3510 ταύτην
1204 3426 1260 3490 καί
1285 3425 1320 3488 τά
1345 3428 1440 3512 μέρος
1462 3429 1511 3506 τῆς

252 3553 349 3630 μονήτ
377 3549 473 3631 μέχρι
500 3549 555 3614 καί
583 3555 638 3634 της
667 3549 815 3636 σήμερον,
840 3555 894 3612 νύν
917 3547 953 3610 δέ
980 3556 1126 3632 πειρᾶται
1148 3543 1166 3614 6
1190 3555 1332 3624 τοιοῦτος
1357 3547 1510 3631 Γουναρύ-

249 3667 367 3742 πααλος
395 3671 592 3756 παραδοῦναι
619 3671 735 3758 ταύτην
762 3672 840 3757 τιρύς
867 3668 975 3755 ἕτερον
1001 3674 1185 3756 πρόσωπον,
1217 3671 1391 3757 διορίζοταί
1419 3692 1467 3736 σοι
1493 3662 1510 3751 ἡ

251 3792 401 3878 βασιλεία
426 3810 496 3879 μου,
520 3791 563 3868 ὡς
587 3791 625 3862 ἂν
650 3793 735 3888 ιίτορ
760 3794 897 3881 θελήσαι
919 3791 936 3862 6
961 3803 1103 3868 τοιοῦτος
1129 3793 1391 3881 Γοοναρύπυυλος
1418 3794 1507 3862 κατέ-

248 3936 321 4003 χειν
350 3917 405 4006 τήν
439 3919 588 4003 τοιαύτην
618 3917 803 4003 βοῐδατικήν
839 3925 911 4004 χήν,
939 3915 993 3980 ίνα
1021 3914 1293 4008 ἀτοκαταστήσης
1322 3915 1417 3984 αύτόν
1440 3937 1511 3982 κατ-

250 4043 335 4128 έχειν
364 4041 480 4130 ταύτην
515 4045 571 4106 καί
599 4041 814 4124 καταβάλλειν
848 4043 925 4127 πρὸς
954 4043 988 4105 τύ
1023 4045 1119 4128 μέρος
1154 4051 1210 4128 τής
1246 4053 1345 4130 μονῆς
1373 4043 1414 4108 τὰ
1443 4037 1510 4121 ύπέρ

249 4171 305 4226 τού
329 4165 473 4232 τοιούτου
487 4159 675 4250 Δβοίδατικού
701 4161 861 4253 ἀνήκοντα
885 4167 983 4249 τούτῳ
1000 4166 1179 4250 τελέσματα
1203 4169 1260 4231 καί
1283 4165 1380 4232 λοιπά
1403 4185 1507 4250 παροι-

249 4289 327 4350 κιιιά
351 4287 444 4375 βάρη·
473 4286 501 4352 τί
524 4285 551 4352 6’
573 4287 651 4360 ἴσως
674 4282 710 4350 ού
735 4287 865 4351 δύναται
892 4281 1041 4374 κατέχειν
1066 4289 1182 4376 ταύτην
1207 4283 1223 4354 6
1247 4285 1507 4376 Γουναρύπυυλος,

249 4405 302 4473 ἵνα
330 4407 603 4500 ἀποκαταστήσής
633 4415 668 4475 τύ
694 4415 791 4497 μέρος
815 4419 871 4497 τῆς
896 4421 994 4498 μονῆς
1026 4409 1250 4500 άνενοχλήτως
1281 4419 1431 4501 κατέχειν
1459 4409 1507 4492 τὴν

250 4535 397 4623 τοιαύτην
434 4537 617 4623 βοῐδατιιιήν
652 4545 709 4622 τήν
744 4539 799 4600 καί
834 4537 876 4623 μή
910 4540 1152 4624 παραχωρήσης
1186 4539 1385 4624 παραδοῦναι
1419 4530 1506 4616 αὐτὴν

248 4661 325 4740 πρὸς
354 4680 422 4724 τινα
458 4668 593 4747 συγγενῆ
624 4656 728 4724 αύτού.
759 4665 814 4724 καί
842 4665 976 4747 ποίησον
1010 4663 1095 4724 κατὰ
1124 4661 1178 4725 τύν
1210 4666 1351 4748 παρέντα
1387 4657 1505 4748 ὁρισμόί
