3228 5296
1258 243 1302 306 25

67 435 294 521 ὁΠασπαριόιής
320 438 404 521 μετὰ
427 435 620 521 νομαδταίας
643 443 702 520 γῆς
725 439 781 500 καί
809 443 1010 522 καματηρός.
1040 433 1156 520 δίνδρα
1180 431 1301 500 ίλαῑκίι

67 560 96 631 τίς
113 563 157 644 τήν
177 555 335 626 Μάντεων
358 557 422 626 ἀπὸ
445 567 501 625 τοῦ
525 562 638 645 στίχου
662 567 717 622 τοῦ
741 557 869 624 Χαντία
897 560 952 622 καί
980 555 1012 634 δή
1037 555 1216 644 ἀγορασίαις
1240 567 1297 624 τοό

68 684 153 768 Πυρινα
177 689 229 748 καί
256 684 370 769 μυλιόν.
400 681 509 770 ἕτερος
539 682 643 770 μυλιδν
672 682 717 756 τίς
749 683 803 769 τήν
834 681 942 769 Βόρην
971 679 1032 750 ἀπό
1060 675 1207 748 Ἰωιίννοο
1238 690 1296 746 τοῦ

68 808 185 894 Πονηροδ.
208 805 291 880 όντός
314 815 370 872 τοῦ
395 811 467 872 νόου
483 811 623 894 κάστρου
647 816 703 894 τής
727 803 871 896 Σμόρνης
889 801 1026 895 όσπήτια
1047 803 1297 896 ίδισπεριόρτστα

67 935 121 1016 μετὰ
145 929 310 1020 ἐκκλησίας
345 935 402 996 καί
429 928 613 1018 κινστόρνης
643 940 759 1018 μικρᾶς
789 929 821 1005 ἐξ
850 928 1026 1015 ἀγορασίας
1052 927 1113 993 ἀπό
1142 938 1197 998 τοῦ
1228 928 1296 996 Τα-

66 1065 150 1120 τεινοό.
175 1057 333 1143 χωροίριον
369 1051 432 1119 ἀπό
461 1065 516 1120 τοῦ
543 1055 741 1142 Βαρόχειρυς
775 1054 972 1140 καλούμενον
1006 1051 1051 1127 είς
1080 1055 1115 1118 τό
1145 1055 1296 1140 μετόχιον

67 1190 105 1241 τόν
123 1177 284 1243 Παλατίων.
309 1175 419 1264 ἕτερον
443 1183 606 1267 χωρόριον
631 1178 676 1252 τίς
694 1181 747 1242 τόν
771 1174 865 1243 αὐτόν
889 1181 983 1242 τόπον
1001 1175 1062 1242 ἀπό
1087 1187 1147 1241 τῶν
1171 1175 1294 1250 Κατίι-

67 1305 175 1386 βιρηνῶν
203 1300 234 1378 ἐξ
260 1301 448 1388 ἀγορασίας.
477 1307 641 1390 χωρόριον
669 1301 715 1376 τίς
743 1303 795 1366 τόν
826 1300 965 1390 Ἀσόνην
994 1299 1055 1366 ἀπό
1082 1302 1295 1388 προσενίξεως

66 1435 135 1510 τυρός
156 1423 283 1512 Εἰρήνης
313 1435 371 1513 τής
398 1426 595 1506 Ἀγγελίνας.
624 1424 669 1500 είς
693 1427 748 1514 τήν
770 1425 879 1512 Βάρην
907 1427 1070 1514 χωρίίριον
1092 1423 1154 1490 ἀπό
1177 1446 1294 1512 προσε-

66 1552 146 1624 νίξεως
166 1558 216 1636 της
238 1549 429 1638 Βραναίνης,
453 1549 470 1614 ό
493 1553 550 1614 καί
573 1548 727 1638 ἀμπίλιον
754 1551 977 1638 κατερυτεόθη
999 1553 1086 1636 παρὰ
1110 1560 1170 1616 τῶν
1193 1569 1295 1638 μονα·

67 1682 118 1756 μιν.
140 1671 155 1736 ό
175 1671 216 1746 είς
239 1674 293 1758 τήν
319 1673 430 1760 Βόρην
458 1677 645 1762 καθήμενος
677 1673 709 1750 ἐξ
732 1673 891 1740 Ἰουδαίων
914 1678 970 1739 καί
993 1672 1010 1740 ό
1033 1673 1204 1761 Πλανήτης
1226 1673 1296 1740 Βα-

68 1796 161 1868 είλειος
186 1798 407 1882 χειρογρόπιον
436 1793 560 1884 δρείλον
580 1795 867 1906 ιἐξκυυσστιίεσθαι
893 1801 950 1862 καί
980 1807 1072 1864 τοῦτο
1101 1795 1163 1862 ἀπό
1192 1801 1297 1884 πόσης

67 1923 103 1982 ιιί
120 1926 253 1993 παντοίας
278 1918 440 2006 ἐπηρείας.
472 1925 622 2010 χωράρια
644 1926 701 1986 καί
733 1921 872 2008 ἀμπέλια
896 1924 935 1986 τὰ
959 1919 991 1986 όν
1018 1931 1086 1996 ταῖς
1108 1921 1297 2010 περιλήψεσι
1412 1959 1415 1966 ·

68 2051 106 2104 τόν
124 2044 359 2128 χρυσυβοόλλων
383 2043 440 2110 καὶ
461 2050 713 2132 προσταγμάτων
733 2057 793 2112 τῶν
816 2049 996 2132 προσόντων
1020 2042 1126 2120 αότοίς
1147 2065 1297 2132 περιγρα-

67 2169 167 2250 ρίμενα,
199 2165 276 2256 ἅπερ
302 2168 433 2255 δκρόεει
455 2167 472 2236 ό
496 2170 607 2246 Πόθος
639 2169 695 2236 καὶ
719 2169 735 2237 ό
758 2169 955 2244 Μαντειανός
979 2173 1035 2234 καί
1059 2167 1090 2234 οἱ
1112 2181 1297 2254 προσγενείς

68 2286 134 2354 ιόιοό
158 2297 193 2358 τὰ
219 2291 431 2380 ἐπιλεγόμενα
457 2298 492 2360 τό
520 2295 691 2382 Δημόσιον.
722 2295 767 2369 τίς
795 2297 850 2382 τήν
876 2293 1043 2360 Μάνταιαν
1066 2297 1230 2382 χωροὶριον
1262 2297 1297 2360 τό

67 2408 247 2501 ἐκλεγόμενον
281 2426 341 2482 τοῦ
370 2415 462 2498 ἁγίου
493 2416 601 2486 Ἠλίου
634 2417 895 2505 ἰδιοπεριόριστον
927 2416 965 2482 ἐκ
998 2419 1210 2504 προσενόξεως
1239 2427 1296 2484 τοῦ

67 2533 147 2618 Γορδᾰ.
168 2545 219 2606 καί
243 2541 283 2606 όκ
306 2543 522 2628 προσενίίεως
545 2551 600 2608 τοδ
625 2547 738 2630 στίχου
761 2551 816 2608 τοῦ
838 2541 1039 2610 Μαντειανοδ
1065 2545 1215 2630 χωράρια
1239 2565 1299 2630 μο-

66 2658 114 2724 δίυν
132 2663 310 2750 δεκατριῶν,
345 2663 378 2730 όν
402 2663 428 2754 ᾧ
450 2671 506 2732 καί
530 2665 658 2732 ἀπιδόαι
681 2679 769 2754 τρείς.
803 2665 954 2740 ὡσαύτως
985 2663 1106 2754 δρείλει
1130 2665 1218 2754 ἔχειν
1242 2670 1300 2731 καὶ

66 2784 88 2844 τό
103 2779 169 2872 ὕδωρ
200 2798 253 2854 τοῦ
277 2794 520 2876 καταρχομένου
550 2799 694 2877 ποταμοῦ
719 2789 781 2856 ἀπὸ
813 2799 868 2856 τοῦ
899 2787 992 2876 όρους
1023 2799 1078 2876 τής
1110 2800 1209 2878 μονής
1239 2789 1298 2856 καὶ

66 2904 189 2984 δεσπόζειν
215 2909 309 2996 αότό,
347 2916 461 2986 καθιδς
486 2925 678 3002 προκατεῖχε
706 2919 761 2980 καί
789 2913 967 2988 όδίσποίεν.
1003 2909 1023 3000 ἡ
1052 2913 1200 3000 βασιλεία
1235 2935 1296 2999 μου

66 3039 117 3106 γοῦν
134 3045 166 3121 τή
187 3037 296 3123 δεήσει
321 3047 381 3101 τῶν
406 3049 554 3126 μοναχιίιν
574 3047 761 3126 προσχυδσα
781 3043 838 3104 καί
860 3041 913 3104 τόν
929 3041 1070 3124 παρόντα
1091 3037 1294 3125 χρυσόβουλ-

65 3151 101 3216 λιν
123 3157 205 3238 λόγον
235 3159 338 3248 αότής
369 3173 408 3249 τῇ
432 3163 593 3249 σεβασμία
619 3175 701 3252 μονῇ
732 3173 787 3229 τοῦ
810 3162 942 3250 Λίμβου
969 3160 1160 3250 ἐχορήγησε,
1189 3161 1230 3228 δι’
1257 3158 1294 3228 οὔ

64 3282 101 3341 κοί
116 3286 358 3368 παρακελεύεται
383 3285 639 3372 ἁπαρασπυίστως
661 3291 764 3376 πόντη
787 3292 843 3354 καί
867 3285 1107 3374 ἀμετακινήτως
1130 3290 1187 3352 καί
1210 3291 1296 3352 κατὰ

63 3401 98 3462 τόν
115 3414 158 3489 τής
179 3408 368 3484 δεσποτείας
390 3411 486 3490 λόγον
509 3415 659 3499 καπίχειν
682 3413 737 3499 τήν
762 3413 859 3497 μονήν
874 3415 978 3476 πάντα
1001 3413 1040 3474 τὰ
1064 3407 1212 3498 ἀνωτόριε
1237 3405 1294 3499 ῥη-

63 3533 101 3598 ῑῡι
126 3529 322 3619 δεδηλωμένα
359 3539 416 3600 καί
450 3536 505 3621 τήν
539 3533 577 3600 δκ
604 3537 729 3600 πάντων
757 3533 881 3601 εἴσοδον
911 3533 1132 3624 ἀπορίρεσίίαι
1159 3539 1215 3602 καί
1246 3534 1296 3614 ἐξ·

61 3655 202 3720 λουτσεόειν
229 3652 316 3724 σότόι
344 3662 401 3722 καί
429 3657 483 3732 οδς
512 3657 583 3746 ἔχει
608 3654 629 3746 ἡ
654 3660 734 3745 μονή
757 3662 929 3745 παροίκους
956 3658 1014 3724 καὶ
1036 3659 1162 3756 ,ἑτόρυυς
1185 3661 1294 3736 ξίνους

61 3775 96 3836 καί
113 3777 148 3861 τῷ
173 3779 317 3867 δημοσίῳ
354 3779 601 3862 σίνεπιγνόστους
637 3780 698 3849 ἀπό
733 3786 839 3869 πόσης
873 3787 929 3848 καί
962 3788 1114 3858 παντοίας
1143 3781 1293 3872 ἐπηρείας

61 3907 101 3970 ίίῐί
119 3897 146 3964 ἐν
166 3915 225 3978 τοίς
247 3907 503 3994 χρυσοβοιίλλοις
526 3915 695 3994 προσοδσιν
727 3904 1041 3996 ἐμπεριειλημμένης,
1065 3906 1151 3974 ἀλλὰ
1173 3907 1213 3994 δή
1236 3911 1293 3972 καί

61 4022 81 4082 ιό
93 4027 189 4114 ταύτης
209 4033 357 4117 βιβάριον
379 4027 441 4096 ἀπό
457 4053 489 4096 τε
512 4031 759 4116 βιβαροπσίκτου,
783 4031 1058 4120 προσκυνητικίου,
1080 4029 1215 4118 δψωνίου
1235 4035 1292 4096 καί

60 4139 143 4214 λοιπόν
174 4149 283 4237 ίτίρων
318 4155 506 4241 συνηδειιῖιν.
544 4154 598 4220 διὰ
629 4157 690 4240 γὰρ
726 4163 819 4220 τοῦτο
852 4152 1075 4243 ότεβραβεόδη
1106 4167 1145 4242 τή
1176 4155 1290 4242 διαλη-

61 4271 147 4359 γίείση
171 4279 332 4364 σεβασμία
355 4289 436 4364 μονή
457 4287 516 4342 των
537 4276 669 4364 Λόμβου
690 4277 735 4351 είς
758 4277 936 4366 ἀσφάλειαν
959 4274 1057 4366 αδτής
1084 4278 1291 4354 αἰωνίζουσαν

61 4398 96 4456 τοί
116 4393 130 4460 ό
152 4405 253 4486 παρόν
281 4401 522 4490 χρυσόβουλλος
542 4403 638 4482 λόγος
659 4413 714 4490 τής
739 4404 903 4485 βασιλείας
927 4425 998 4489 μου,
1027 4401 1292 4477 ἀπολυθείς

63 4525 147 4585 ῑιτὰ
188 4529 261 4591 τόν
299 4526 584 4610 σεπτόβριον
624 4537 742 4614 μήνα
786 4537 865 4614 τής
909 4527 1137 4612 δευτόρας
1176 4525 1289 4592 ίνδι-

63 4647 1288 4738 ίτιωνοςτοόόξακιοχιλιοσταῦίποακοσισστοόόξη-
