3168 5274
279 279 344 343 338

279 469 323 543 είς
359 469 448 534 τοῦθ’
483 465 562 555 ἧκεν
597 467 798 548 έγκαταστὰς
822 465 842 555 ἢ
867 465 942 552 ὅπερ
979 467 1021 552 τῷ
1050 467 1158 551 σκοπῷ
1193 465 1383 548 συνεβάλετο
1410 468 1466 527 καί
1499 487 1539 549 τῳ

279 597 418 679 προτέρῳ
443 594 539 675 τούτῳ
565 594 668 677 τρόπῳ
685 595 866 678 συνήνεγκε.
893 594 928 655 τό
952 591 988 654 δέ
1012 597 1068 675 τῆς
1082 590 1326 677 παρακλήσεως,
1350 585 1394 660 ύις
1416 585 1454 652 ἂν
1477 589 1536 651 δω-

279 720 415 804 ρησηται
443 712 526 799 αύτῷ
552 711 573 803 ἡ
602 715 750 800 βασιλεία
778 737 838 803 μου
866 715 921 802 την
949 713 1037 787 ἐντός
1060 721 1116 799 τῆς
1145 713 1394 798 μεγαλοπόλεως
1416 711 1538 777 Θεσσα-

279 841 408 926 λονίκης
436 841 615 924 σεβασμίαν
645 840 742 925 μονὴν
770 847 825 904 τοῦ
855 841 997 925 σωτῆρός
1026 859 1085 923 μου
1114 837 1251 922 Χριστοῦ
1279 837 1337 920 την
1359 843 1415 899 τοῦ
1438 834 1539 901 Αατό-

279 985 340 1048 μου
368 965 448 1048 μετὰ
476 973 535 1026 τόν
559 967 739 1048 προσόντων
763 965 862 1048 ταύτη
886 963 1018 1026 δικαίων
1041 964 1098 1026 καί
1120 963 1328 1046 πραγμάτων,
1358 957 1437 1044 ἅπερ
1462 955 1539 1044 εύρί-

278 1107 390 1152 σκεται
412 1090 599 1172 κατέχουσα
614 1095 667 1150 νῦν
692 1084 779 1159 ἐντός
802 1095 858 1172 της
875 1085 1114 1170 Θεσσαλονίκης
1136 1089 1192 1148 καί
1215 1084 1317 1160 ἐκτός,
1342 1086 1396 1147 διά
1420 1105 1453 1146 τε
1477 1107 1539 1168 χω-

279 1215 413 1300 ραρίων,
439 1209 645 1295 ἀμπελώνων,
671 1213 890 1296 μυλοστασίων
914 1215 969 1274 καί
994 1209 1192 1286 ένοικιακῦν,
1215 1213 1271 1272 καί
1300 1209 1400 1294 ἔχωσι
1429 1209 1538 1292 ταύτην

280 1333 313 1399 αί
341 1335 572 1421 διαληφόεῖσαι
600 1335 711 1398 τούτου
738 1335 795 1398 δύο
824 1337 917 1420 μοναί
945 1333 990 1408 τίς
1018 1335 1146 1420 δοχείον
1171 1331 1233 1397 ἀπὸ
1261 1341 1316 1397 τοῦ
1340 1339 1393 1396 νῦν
1416 1335 1474 1396 καί
1498 1329 1539 1404 είς

279 1461 315 1523 τύ
340 1458 411 1545 ἑξῆς
436 1455 652 1545 ἀναραιρέτως
674 1462 776 1544 πάντη
793 1461 849 1522 καί
874 1455 1125 1530 ἀναποσπάστως
1149 1457 1192 1531 είς
1208 1457 1400 1544 διηνέκειαν.
1424 1451 1445 1541 ἡ
1470 1462 1538 1533 γοῦν

253 1565 255 1568 ’
278 1582 429 1665 βασιλεία
459 1603 519 1668 μου
542 1585 739 1668 χαριζομένη
764 1583 937 1666 τοῦτομὲν
963 1593 1003 1668 τη
1026 1582 1190 1666 προσούση
1218 1582 1317 1663 τούτῳ
1340 1581 1419 1663 πρύς
1449 1573 1538 1662 αύτίγν

278 1711 461 1793 γνησιότητι
488 1711 545 1770 καί
573 1718 611 1791 τη
637 1702 780 1798 εὐγενείᾳ
803 1713 857 1768 τοῦ
881 1709 1044 1792 σώματος,
1073 1713 1165 1769 τοῦτο
1189 1705 1225 1768 δέ
1249 1709 1306 1768 καί
1329 1705 1364 1767 τό
1393 1723 1538 1786 καρτερι-

278 1831 336 1894 κόν
361 1825 458 1894 αὐτοῦ
482 1834 538 1894 καί
562 1839 704 1908 γενναῖον
728 1825 803 1914 ύπέρ
827 1837 881 1892 τοῦ
905 1839 965 1892 των
987 1826 1151 1914 Ῥωμαίων
1175 1832 1285 1907 γένους
1314 1823 1347 1890 έν
1370 1837 1437 1899 τοῖς
1459 1847 1538 1909 περι-

278 1963 438 2026 στατικοῖς
462 1963 522 2018 τῦν
546 1961 664 2036 καιρῦν
690 1949 955 2038 ἀνταμειβομένη,
979 1955 1106 2036 προσέτι
1131 1971 1166 2030 γε
1191 1952 1253 2037 μην
1280 1951 1465 2036 δεξιουμένη
1488 1953 1539 2012 καί

278 2080 314 2142 τὸ
350 2087 404 2164 της
433 2075 588 2163 αἰτήσεως
623 2073 755 2154 εὔλογον
784 2072 826 2149 ὡς
860 2077 1014 2164 θεοφιλές
1043 2074 1185 2155 ἀγαθαῖς
1213 2075 1461 2161 συμπληρώσεσι
1491 2075 1541 2158 τὴν

279 2203 365 2265 κατὰ
388 2201 442 2287 την
467 2199 707 2284 Θεσσαλονίκην
731 2201 878 2286 τοιαύτην
907 2201 1085 2285 σεβασμίαν
1117 2199 1214 2285 μονην
1238 2206 1293 2262 τοῦ
1317 2197 1465 2285 Σωτηρός
1488 2219 1542 2282 μου

279 2323 417 2412 Χριστοῦ
446 2330 500 2386 τοῦ
528 2320 680 2406 Λατόμοο
708 2323 855 2406 δωρεῖται
882 2321 924 2407 τῴ
946 2323 1077 2388 τοιούτω
1104 2323 1311 2408 περιποθήτω
1341 2319 1460 2407 ἀνεψιῷ
1487 2316 1541 2385 αύ-

280 2455 350 2533 της,
374 2445 416 2530 τῷ
450 2449 626 2531 τιμιωτάτῳ
650 2443 682 2510 έν
706 2457 859 2532 μοναχοῖς
882 2445 1039 2532 Κομνηνῷ
1071 2444 1157 2531 κυρῷ
1178 2443 1316 2533 Ἰωάσαρ
1350 2443 1393 2530 τῷ
1416 2443 1541 2510 Μελια-

279 2569 374 2656 σηνῴ,
409 2573 465 2634 καί
487 2571 638 2643 θεσπίζει
661 2573 717 2633 καί
752 2571 926 2654 διορίζεται
949 2569 1003 2633 διὰ
1027 2575 1082 2633 τοῦ
1116 2571 1271 2654 παρόντος
1306 2569 1541 2654 χρυσοβούλλου

279 2695 376 2773 λόγου
405 2689 516 2779 αὐτῆς,
545 2690 598 2756 ἵνα
626 2690 659 2756 αἱ
682 2693 904 2778 διειλημμέναι
927 2695 1038 2757 τούτου
1062 2693 1118 2756 δύο
1148 2697 1241 2778 μοναί
1269 2692 1369 2778 ἔχωσι
1398 2694 1455 2778 τὴν
1479 2713 1540 2756 τοι·

278 2819 376 2903 αύτην
401 2817 498 2902 μονήν
521 2812 685 2904 ἡνωμένην
715 2821 782 2902 μετ’
807 2811 910 2880 αύτῦν
933 2821 988 2881 καί
1018 2815 1136 2904 ἔχωσιν
1161 2814 1258 2903 αὐτὴν
1281 2815 1325 2890 τδς
1347 2817 1476 2904 δοχείον
1500 2814 1540 2886 τίς

275 2943 310 3004 τύ
339 2942 490 3028 δνηντκὲς
519 2937 581 3004 ἀπό
609 2947 664 3004 τοῦ
693 2949 745 3005 νῦν
773 2937 829 3004 καὶ
853 2939 897 3013 είς
922 2944 958 3005 τό
983 2937 1054 3026 έζης
1078 2917 1345 3018 ἀναποσπάστως,
1372 2939 1539 3028 ἀναραιρέ·

276 3087 336 3140 τως
360 3069 417 3130 καί
452 3061 640 3148 ἀδιαιρέτως
675 3065 755 3148 μετὰ
779 3073 837 3128 ιῦν
867 3061 980 3149 ἀρτίως
1015 3059 1249 3150 εὑρισκομένων
1283 3065 1382 3150 ταύτη
1412 3065 1540 3130 δικαίων

274 3192 330 3254 καί
358 3190 550 3274 πραγμάτων
578 3191 633 3252 καί
660 3191 886 3272 κατεχομένων
913 3184 985 3273 παρ’
1009 3184 1108 3274 αὐτῆς
1130 3188 1185 3251 διαί
1210 3209 1242 3251 τε
1266 3193 1455 3277 χωραρίων,
1486 3187 1541 3272 ἀμ·

276 3313 436 3388 πελόνων,
474 3311 709 3396 μυλοστασίων,
745 3307 932 3375 ένοικιακῦν
955 3315 1012 3375 καί
1035 3319 1094 3375 τόν
1119 3309 1232 3397 ἑτέρων
1260 3309 1347 3384 ἐντός
1370 3315 1428 3377 καί
1452 3312 1539 3383 έκτός

276 3442 333 3519 τῆς
364 3435 487 3506 πόλεως
522 3434 773 3520 Θεσσαλονίκης,
808 3437 864 3498 καί
898 3435 941 3520 μή
977 3429 1163 3520 εὑρίσκωσιν
1203 3433 1235 3500 αἱ
1273 3445 1418 3500 τοιαῦται
1450 3437 1540 3521 μοναί

275 3560 363 3644 παρά
390 3577 473 3630 τινος
507 3554 735 3622 τῶνὰπάντων
771 3555 821 3622 έπί
855 3559 954 3643 τούτῳ
974 3555 1125 3645 Δίίχλησίν
1159 3577 1229 3624 τινα
1256 3557 1538 3646 ἢδιασεισμόνῆ

277 3679 487 3768 έμποδισμύν,
523 3679 593 3745 ἀλλ’
626 3678 679 3744 ἵνα
703 3681 839 3766 διαμένη
862 3677 883 3766 ἡ
906 3682 1093 3768 δηλωθείσα
1129 3684 1208 3768 μονὴ
1233 3691 1288 3747 τοῦ
1312 3682 1460 3770 Σωτῆρος
1484 3703 1539 3768 μου

277 3805 414 3892 Χριστοῦ
438 3814 493 3870 τοῦ
516 3801 669 3889 Λατόμου
691 3803 735 3877 εἰς
758 3804 884 3890 δοχεῖον
909 3815 969 3870 τῶν
992 3805 1201 3891 δηλωδεισῦν
1224 3808 1336 3872 τούτου
1359 3808 1415 3872 δύο
1441 3815 1539 3892 μονῶν

277 3927 521 4001 ἀναπόσπαστος
542 3931 644 4013 πάντη
661 3931 718 3991 καί
735 3925 945 4014 ἀναφαίρετος
962 3933 1018 3993 καί
1033 3929 1213 4015 ἀδιαίρετος
1237 3929 1282 4004 είς
1308 3931 1538 4016 διηνέκειαντῇ

277 4050 433 4140 έμρανείη
449 4060 503 4116 τοῦ
519 4055 674 4136 παρόντος
696 4051 938 4136 χρυσοβούλλοο
962 4049 1067 4132 λόγου
1082 4063 1138 4140 τῆς
1163 4055 1328 4138 βασιλείας
1352 4075 1424 4140 μου,
1446 4054 1481 4127 ῦς
1502 4053 1538 4136 δὴ

276 4178 333 4240 καί
357 4172 473 4240 δστίται
488 4176 565 4258 πρός
588 4176 624 4237 τό
641 4175 800 4259 διαμένειν
824 4177 879 4261 την
903 4178 1051 4262 τοιαύτην
1075 4178 1173 4263 μονὴν
1196 4173 1361 4264 ἡνωμένην
1378 4180 1460 4262 μετὰ
1483 4185 1539 4237 τῦν

278 4296 422 4382 ἀνωτέρω
434 4296 664 4382 διειλημμένων
680 4297 736 4361 δύο
753 4299 864 4363 τούτου
880 4309 992 4384 μονῶν,
1009 4297 1114 4385 ίύσπερ
1130 4323 1158 4364 τι
1174 4304 1320 4388 φρούριον
1338 4299 1540 4388 ἀσφαλέστα-

280 4442 333 4484 τον
350 4417 499 4506 ἀπεῖργον
515 4421 617 4506 πάντη
641 4422 694 4484 τόν
719 4422 1002 4509 βοοληδησόμενον
1019 4421 1198 4512 ἀνατροπὴν
1214 4445 1284 4490 τινα
1311 4435 1445 4511 ποιησαι
1460 4425 1540 4488 κατά

277 4567 306 4608 τι
330 4555 390 4608 τῦν
420 4543 632 4628 διωρισμένων
655 4547 712 4608 καί
735 4547 991 4632 τεθεσπισμένων
1014 4559 1053 4634 τη
1078 4550 1227 4633 βασιλεία
1255 4571 1315 4636 μου
1340 4549 1389 4614 ἐπί
1417 4561 1457 4634 τῇ
1480 4570 1539 4610 τοι-

278 4669 358 4752 αύτη
387 4677 468 4753 μονῇ
496 4669 552 4730 καί
576 4665 753 4732 διακωλῦον
777 4665 860 4734 ἅπαν
884 4667 1023 4756 ἀχληρόν
1047 4677 1103 4736 καί
1131 4671 1372 4760 ἀπηρεαστικόν.
1404 4671 1450 4738 ίτι
1473 4669 1540 4735 ἐπι-
