3168 5274
279 277 343 342 36⁰

278 465 403 548 ἀλιέων,
428 467 619 556 ἀμπελώνων
641 473 698 534 καί
720 478 775 557 της
798 474 973 558 νεμομίνης
994 473 1082 557 παρὰ
1112 479 1168 556 τής
1190 471 1338 556 ’τοιαύτης
1361 473 1460 556 μόνης
1485 475 1547 554 τῆς

281 591 404 680 όρεινης
436 595 493 658 καί
513 593 641 679 πεδινῆς
674 591 735 668 ἕως
768 603 824 681 της
858 593 1128 682 Ἀειδαροράχης,
1163 598 1281 680 χωρίον
1311 589 1334 680 ἡ
1367 591 1546 678 Κάπραινα

282 720 363 804 μετὰ
390 721 513 784 πάντων
539 726 599 782 τῶν
627 717 759 782 δικαίων
793 721 849 784 καί
869 724 1047 805 προνομίαν
1070 713 1167 784 αότοό
1189 715 1248 784 καὶ
1273 719 1380 805 πάσης
1407 725 1465 803 της
1488 735 1547 780 πε-

280 849 392 927 ριοχῆς
415 836 512 906 αὐτοῦ
534 844 591 906 καί
610 841 859 928 διακρατήσεως,
884 838 1066 929 μετόχιονό
1091 839 1182 922 ἅγιος
1203 843 1383 928 Δημήτριος
1403 841 1442 905 τό
1466 839 1544 903 δια-

269 968 418 1050 κείμενον
443 964 578 1050 πλησίον
612 973 668 1051 τῆς
695 961 850 1051 Μεγάλης
883 967 965 1052 μετὰ
991 973 1052 1030 τῶν
1078 967 1358 1051 προσκαθημένων
1387 961 1422 1028 ἀν
1452 957 1541 1048 αὐτῷ

272 1084 449 1172 ἀνθρώπων
475 1089 532 1153 καί
559 1085 715 1175 ἀροσίμοο
736 1090 842 1176 πάσης
864 1097 925 1175 ηης
947 1083 1060 1167 αότοῦ,
1095 1090 1245 1174 μετόχιον
1274 1085 1542 1172 τόάπονομαζό-

271 1221 327 1278 τοῦ
354 1221 415 1297 κόρ
447 1209 625 1298 Ἱλαρίωνος
652 1215 687 1277 τό
715 1213 917 1300 διακείμενον
945 1210 978 1278 όν
1006 1223 1045 1300 τη
1073 1215 1167 1300 χάρη
1193 1221 1249 1278 τοῦ
1271 1209 1433 1298 Ἃλμοροό
1459 1214 1544 1296 μετὰ

271 1345 331 1402 των
359 1333 551 1422 ἀμπελώνων
585 1339 642 1402 καί
664 1340 788 1402 πάντων
822 1347 882 1405 τῶν
906 1337 1038 1402 δικαίων
1060 1341 1117 1402 καί
1150 1337 1327 1422 προνομίαν
1350 1330 1450 1400 αότοῦ
1487 1339 1545 1399 καί

270 1468 331 1524 τόν
363 1461 641 1547 προσκαόημίνων
675 1457 709 1526 ἀν
737 1456 823 1547 αύτῷ
855 1458 1029 1547 ἀνθρώπων
1057 1459 1115 1528 καὶ
1142 1460 1281 1546 μολιπων
1310 1456 1541 1546 ἀρηαστηρίων,

271 1585 311 1648 τά
337 1583 550 1668 περιελθόντα
577 1593 617 1671 τη
640 1585 771 1670 τοιαύτη
795 1594 877 1672 μονή
900 1580 934 1660 ἀί
957 1582 1134 1670 ἀγορασίαις
1162 1581 1303 1670 ἀμπίλια
1326 1581 1359 1648 όν
1382 1581 1430 1666 τηῐ
1453 1585 1542 1668 τόπῳ

268 1713 324 1770 τοῦ
340 1703 502 1792 Μορίβορι,
527 1709 567 1772 τά
590 1703 652 1774 ἀπό
675 1709 886 1794 προστνίξιως
912 1715 1002 1774 τινῶν
1025 1707 1239 1795 ριλοχρίστων
1267 1702 1389 1791 ἀνδρῶν
1410 1705 1542 1792 περιελ-

268 1833 432 1918 δόνταπη
456 1833 588 1918 τοιαύτη
612 1843 694 1919 μονή
718 1830 860 1918 άμπόλια
882 1830 915 1898 ἀν
938 1831 981 1917 αρ’
1012 1833 1143 1916 τοιούτιρ
1170 1833 1255 1916 τόπιρ
1282 1837 1338 1897 τοῦ
1364 1827 1539 1915 Ἃληιοροῦ,

266 1957 305 2020 τό
339 1952 371 2019 ἐν
398 1953 441 2040 τῷ
465 1951 532 2041 όρει
564 1963 622 2042 τῆς
655 1955 801 2042 Ζαηοράς
834 1955 1038 2042 διακιίμενον
1072 1952 1216 2040 ἀηρίδιον
1250 1961 1306 2040 της
1336 1951 1539 2038 Κσραιιαλής

267 2081 348 2164 μττά
371 2087 431 2144 τῶν
460 2078 564 2144 ίκείσε
585 2081 864 2166 προσκαδημίνων
888 2076 1063 2164 ἀνθρώπων
1091 2083 1148 2144 καί
1170 2079 1293 2144 πάντων
1316 2086 1377 2142 τῶν
1400 2077 1537 2141 δικαίαν

267 2205 324 2268 καί
349 2205 528 2288 προνομίαν
563 2197 671 2271 αὐτοῦ.
701 2204 849 2289 μττόχιον
877 2204 913 2268 τό
948 2200 1171 2288 ἀπιλεηόμενον
1203 2196 1224 2288 ἡ
1259 2198 1430 2276 Ῥάσοοσα,
1458 2201 1538 2284 πρός

269 2325 390 2397 τούτοις
418 2327 475 2390 καί
500 2321 521 2413 η
551 2321 655 2392 ἀκείσε
678 2323 869 2413 ἀπτρριράνη
897 2327 978 2413 μονή
1001 2333 1057 2390 τοῦ
1084 2328 1187 2411 τιμίοο
1210 2321 1408 2412 Προδρόμοο.
1433 2332 1540 2388 ταῦτα

267 2448 308 2534 δη
330 2451 434 2512 πάντα
455 2450 558 2534 πάντη
591 2452 649 2514 καί
670 2449 832 2524 παντελῶς
859 2445 1061 2526 ἀδιάσιιστα,
1098 2445 1334 2536 ἀνεπηρίαστα,
1369 2444 1539 2534 ἀκαταῑή-

268 2591 348 2658 τητα
380 2574 438 2636 καί
459 2574 611 2646 παντοίας
639 2569 844 2648 ἀεκοοσσείας
872 2570 1019 2658 ἀμάτοχα
1041 2575 1098 2638 καί
1121 2571 1295 2658 λλιύδερα,
1329 2569 1358 2636 εὶ
1385 2572 1429 2658 μὴ
1460 2571 1538 2654 βού-

268 2695 357 2760 λεται
379 2690 397 2759 ό
421 2697 506 2761 κατά
528 2715 558 2760 τι
579 2695 748 2762 διασείσων
772 2696 828 2782 τήν
851 2696 1152 2783 διαλαμβανομίνην
1176 2695 1411 2781 πατριαρχικήι
1435 2695 1536 2780 μονήν

268 2826 324 2904 της
346 2817 596 2905 Μακρινιτίσσης
617 2816 639 2906 ἢ
663 2819 848 2906 όνοχλήσων
876 2829 942 2894 τοῖς
964 2817 1014 2886 ἀπ’
1038 2813 1135 2906 αόπήν
1160 2817 1218 2884 καὶ
1238 2823 1311 2903 περί
1333 2811 1432 2904 αόιήν
1457 2828 1538 2884 πᾶσι

268 2946 325 3008 καί
357 2950 525 3030 πανταχοῦ
551 2941 691 3016 δικαίοις
725 2946 782 3007 καί
808 2946 995 3028 προνομίοις
1030 2939 1127 3029 αὐτῆς
1158 2947 1216 3008 καί
1249 2939 1331 3014 ὅλως
1364 2941 1536 3027 τολμήσων

268 3063 472 3153 όπιχειρησαι
505 3068 583 3152 πρός
611 3063 790 3153 ἀνατροπὴν
823 3063 843 3154 ἢ
879 3063 1033 3152 ἀδίτησιν
1067 3064 1252 3153 οἱανόήτινα
1285 3075 1346 3130 τῶν
1380 3067 1535 3130 τεδεστι-

270 3194 392 3276 σμόνων
420 3187 453 3254 δν
487 3188 533 3275 τῷ
559 3191 641 3276 δείιρ
667 3189 894 3276 χροσοβούλλιρ
924 3189 1010 3275 λόηιρ
1037 3197 1093 3256 τοῦ
1120 3193 1291 3274 κρατίστοο
1316 3193 1374 3255 καί
1399 3191 1537 3256 δεοστε-

269 3322 348 3402 ροῡς
375 3310 469 3394 ἀηίοο
497 3333 557 3400 μοο
586 3308 822 3400 αὐτοκράτορος
848 3291 952 3400 ἢπῶν
974 3316 1053 3399 πρός
1075 3322 1132 3400 τῆς
1156 3308 1247 3400 ἡμῶν
1275 3315 1481 3400 μετριότητος
1504 3311 1536 3378 ἀν

268 3435 347 3522 τῷδε
369 3435 412 3522 τῷ
434 3433 634 3524 ὑπομνήματι
661 3439 841 3524 γραφόντων
864 3439 920 3502 καί
942 3438 1165 3521 κορωδίντων,
1189 3436 1226 3499 οό
1251 3441 1326 3522 μίαν
1348 3433 1366 3501 ό
1390 3445 1535 3508 τοιοῦτος

268 3560 432 3626 ἀποίσεται
465 3559 646 3645 καταδίκην
671 3563 728 3625 καί
760 3559 904 3638 κόλασιν,
934 3557 1018 3624 ἀλλὰ
1044 3558 1241 3647 πολλαπλην,
1269 3555 1313 3633 ἀς
1339 3559 1536 3631 αολλαπλῶς

270 3679 454 3770 ἀμαρτήσαι
477 3682 703 3772 ριλοντικήσας
729 3687 785 3748 καί
809 3681 923 3748 ἀνόσια
946 3683 1208 3770 πλημμελήματα
1230 3683 1370 3757 σπεύσας
1391 3681 1535 3768 ἀρηάσα-

270 3809 362 3885 σόαι,
389 3815 446 3872 καί
472 3815 581 3892 πρῶτα
608 3809 666 3892 μόν
688 3809 921 3893 τιιραόήσεπαι
947 3807 1126 3893 καταδίκης
1153 3814 1210 3892 τῆς
1235 3809 1322 3892 παρὰ
1348 3817 1409 3872 τῶν
1435 3805 1536 3886 άηίιεν

269 3937 327 3998 καί
361 3933 529 4020 ότορόρων
554 3934 698 4015 πατίρων
732 3931 906 4005 σονοδικως
931 3931 1088 4004 πολλάκις
1123 3927 1366 4019 ἀκρωνηόιίσης
1388 3930 1536 4017 ἀπιτιμή-

272 4077 352 4128 σιως
386 4063 442 4120 τοῦ
479 4055 657 4144 ρρικιόδοος
695 4053 890 4144 ἀρομισριοό,
928 4053 972 4130 ύις
1009 4059 1051 4122 τά
1084 4056 1126 4140 τῷ
1157 4054 1229 4140 δεηῖ
1262 4056 1315 4122 διὰ
1348 4055 1446 4142 τῆσδε
1480 4063 1535 4139 τῆς

272 4188 372 4266 μονῆς
399 4177 630 4266 προσαχδόντα
656 4182 713 4245 καί
740 4181 1009 4266 προσκορωθίντα
1042 4180 1204 4267 διοριλῶς
1237 4176 1426 4252 ότοιοδτος
1454 4175 1534 4244 ἀδε-

272 4310 368 4392 μίτως
391 4305 584 4392 πιιρόμενος
607 4300 793 4372 ἀποσπάσαι
820 4305 876 4368 καί
898 4305 938 4368 τά
961 4313 1024 4376 τοῖς
1048 4301 1141 4390 ίεροίς
1163 4300 1398 4389 ἀνατεδειμόνα
1421 4312 1534 4367 κοινά·

272 4449 327 4494 σαι
361 4425 563 4514 φιλονεικῶν,
598 4427 751 4514 δεοτόρως
784 4427 821 4492 δὲ
855 4426 983 4500 δικαίας
1018 4426 1185 4512 βασιλικῆς
1217 4423 1444 4502 ἀπιξελεόσεας
1478 4423 1534 4490 καὶ

225 4557 227 4562 ’
270 4553 463 4626 παιδεύσεως
492 4549 710 4638 ἀγανάκτησιν
744 4554 800 4616 καί
827 4547 924 4637 ἀργήν
951 4547 1053 4636 ύαοτιρ
1073 4551 1258 4636 προίειήσει
1283 4547 1327 4624 ὃς
1349 4559 1411 4614 τῶν
1436 4551 1532 4614 θείων

272 4676 443 4758 βασιλικόν
476 4673 720 4760 χροσοβοόλλαν
742 4675 845 4770 λόγων
869 4675 1039 4762 ἀδιαητης,
1067 4671 1123 4740 καὶ
1158 4679 1258 4760 τρίτον
1282 4677 1339 4748 τὰς
1366 4677 1453 4760 παρὰ
1476 4683 1530 4758 τῆς
