3168 5274
275 229 340 296 286

273 424 330 510 τήν
357 419 573 510 ἀνοικοδομήν
599 425 656 488 καί
684 423 858 507 βελτίοσιν.
888 422 959 509 έχτι
982 423 1018 489 δέ
1045 425 1293 510 προηγουμένως
1316 421 1352 486 τύ
1376 421 1557 506 μνημδσυ-

272 565 326 613 νον
350 543 447 612 αύτσῦ
471 544 488 612 δ
511 549 683 632 κράτιστος
710 549 767 611 καί
791 543 884 625 ἅγιος
904 541 994 633 ἡμων
1019 540 1179 633 αὐθέντης
1204 547 1263 610 καί
1287 543 1437 628 βασιλτύς
1461 541 1559 609 ἀκα-

272 671 475 748 ταπαύστως,
508 673 565 734 καί
593 667 609 736 δ
637 669 796 756 δτσπάτης
828 665 918 758 ἡμῶν
946 666 963 734 δ
998 668 1220 754 ολκυυμτντκύς
1254 671 1457 755 πατριάρχης
1493 671 1558 732 καί

274 791 337 875 έγύ
361 790 378 859 δ
403 792 591 881 άμαρτωλύς
620 797 701 880 μετά
724 798 781 858 καί
805 802 859 858 τοῦ
883 794 1103 880 χριστωνύμου
1126 793 1218 858 λαοῦ.
1248 789 1309 856 εἰσί
1331 792 1367 856 δέ
1396 795 1437 856 τὰ
1465 789 1557 856 ἀνα-

273 920 444 1004 τεθειμένα
479 903 673 1004 έργοιστηρια
705 920 745 982 τὰ
773 919 891 1003 τζύχος
924 903 1090 982 πωλᾶιντα
1124 913 1276 1002 τέσσαρα.
1311 915 1429 1002 πύργος
1465 917 1556 1000 μετὰ

272 1047 465 1129 μαγκτπτίσυ
488 1044 544 1106 καί
571 1039 790 1126 έργαστηρίου.
821 1039 934 1127 έχουσι
962 1041 998 1104 δέ
1027 1043 1067 1106 τά
1094 1047 1226 1105 τοιαῦτα
1254 1036 1316 1104 ἀνὰ
1344 1041 1461 1125 χρύνον
1492 1035 1556 1104 ένα

273 1164 410 1232 ένοίκιον
439 1160 597 1250 ύπέρπυρα
625 1165 788 1230 διακόσια.
818 1162 959 1250 ἀμπέλια
991 1167 1076 1250 τρία,
1112 1160 1189 1228 ὡσεί
1225 1163 1342 1250 μυδίων
1371 1159 1556 1228 ἀνονντκτῑτν

272 1293 523 1375 τεσσαράκοντα.
550 1287 773 1375 ξευγηλατείσν
798 1285 830 1352 έν
853 1291 938 1373 τύπῳ
963 1287 1006 1374 τῷ
1028 1287 1217 1374 καλουμένῳ
1249 1289 1305 1360 τάς
1329 1284 1445 1373 Πηγάς
1469 1283 1556 1351 ὡσεί

272 1413 390 1500 μοδίων
418 1412 607 1477 θαλασσίων
635 1413 731 1490 δέκα,
762 1415 913 1498 ίτυγάρια
942 1411 1015 1489 δύο,
1050 1407 1134 1497 ἀργά
1161 1415 1310 1496 τέσσαρα,
1340 1408 1449 1489 ἀλογα
1479 1411 1553 1490 δύο,

270 1533 377 1622 ἕτερον
406 1548 592 1622 μαγκιπτῐον
616 1537 652 1602 τὸ
676 1534 709 1601 έν
737 1537 781 1620 τω
811 1533 1002 1622 ἀγγουρείιρ,
1030 1535 1164 1618 λουτροῦ
1187 1537 1223 1600 τά
1246 1530 1359 1622 ἥμισυ,
1388 1532 1554 1620 ἀμπέλων

272 1659 359 1735 λντδς
382 1663 505 1736 τούτου,
528 1663 689 1748 χωράρια,
714 1657 852 1746 ύστήττα
874 1664 931 1725 καί
955 1658 1039 1726 ἄλλα
1062 1662 1132 1724 τινὰ
1155 1654 1261 1736 ύλικά,
1287 1653 1349 1724 ὅσα
1371 1663 1430 1722 καί
1459 1657 1552 1723 εἶδον

271 1783 301 1850 οί
328 1793 466 1852 τοιοῦτοι
495 1787 642 1872 μσναχοί.
680 1783 746 1870 ἔχω
781 1794 856 1864 γοῦν
885 1787 979 1870 χάριν
1014 1784 1131 1848 τούτων
1159 1792 1219 1847 τῦν
1254 1779 1409 1870 ύσπηιίαν
1446 1787 1553 1868 χρέος

271 1904 429 1995 ύπέρπυρα
464 1911 654 1996 τετρακόσια
690 1907 803 1986 εἴκοσι,
837 1911 894 1972 καί
928 1907 1138 1982 κατεδέξαντο
1174 1904 1204 1971 οἱ
1236 1916 1374 1972 τοιοῦτοι
1401 1902 1553 1982 ἅπαντας

268 2031 410 2120 μοναχοί
433 2036 472 2098 τὰ
496 2036 552 2119 μέν
576 2030 692 2098 έκατὸν
715 2033 912 2118 πεντήκοντα
937 2028 1130 2115 ἀπτκβαλτίν
1148 2035 1259 2118 μέχρις
1282 2027 1392 2110 δλίγου
1414 2040 1552 2115 καιροῦ,

269 2161 309 2224 τά
336 2156 372 2222 δέ
401 2154 495 2242 ἕτερα
524 2153 585 2221 ἀπὸ
613 2165 673 2220 τῶν
702 2157 850 2222 τοιούτων
879 2151 1070 2242 ἓξέρχεσθαι
1098 2157 1268 2242 κτημάτων
1296 2155 1352 2218 καί
1376 2155 1410 2228 έξ
1435 2151 1552 2218 ἄλλων

269 2281 401 2366 τρύπένν,
426 2277 468 2346 ὧν
493 2277 576 2346 εἶδον
599 2275 690 2345 αύτοί
713 2276 755 2352 ὣς
779 2277 966 2363 οὶκοκύριοι,
992 2275 1170 2364 ἀνατίθημι
1191 2280 1247 2341 καί
1263 2280 1303 2342 τά
1326 2274 1359 2340 έν
1382 2275 1424 2361 τῷ
1452 2275 1555 2362 Νυμ-

270 2409 352 2492 φαίῳ
382 2401 518 2492 δσπήτια
546 2407 602 2470 καὶ
631 2400 837 2490 ἐργαστήρια.
867 2403 986 2478 ἔξωθεν
1017 2411 1090 2482 γοῦν
1120 2403 1237 2466 τούτων
1266 2397 1431 2488 ἐκράτησα
1456 2401 1553 2486 λόγῳ

270 2549 332 2614 μου
359 2523 465 2614 ύσπερ
501 2527 639 2613 μερίδων
674 2550 704 2591 τι
739 2525 810 2599 ένός
845 2523 1056 2612 ἐργαστηρίου
1092 2529 1265 2612 μυριψτκοῦ
1299 2521 1355 2589 καὶ
1389 2521 1554 2613 δσπήτιυν

271 2652 359 2725 έντὸς
388 2661 447 2718 τῶν
484 2649 789 2738 ἀναγεγραμμένων,
817 2647 870 2714 ἵνα
898 2650 998 2736 μηδὲν
1027 2648 1145 2735 ἔχωσιν
1175 2647 1205 2713 οἱ
1232 2656 1370 2712 τοιοῦτοι
1402 2655 1555 2736 μοναχοί

270 2779 338 2842 τινά
366 2772 508 2852 ἐξουσίαν
543 2775 702 2840 διασεῖσαι
730 2775 828 2862 μετὰ
853 2775 963 2860 τυχὸν,
1001 2770 1069 2838 ἀλλ’
1095 2767 1173 2837 ὅπου
1198 2770 1235 2837 ἀν
1267 2773 1434 2858 βούλωμαι
1459 2772 1552 2838 ἀπο-

268 2901 379 2965 δοῦναι
408 2897 578 2972 ἀκωλύτως
607 2897 674 2985 ἔχω
701 2893 746 2973 ἕως
769 2900 875 2984 κύριος
898 2907 958 2961 τῶν
982 2898 1140 2964 τοιούτων.
1169 2899 1208 2960 τά
1231 2897 1266 2960 δέ
1295 2894 1553 2982 ελσυδιαζύμενα

268 3022 331 3090 ἀπὸ
355 3033 416 3088 τῶν
440 3024 588 3088 τοιούτων
603 3025 727 3086 πάντων
750 3023 921 3106 κτημάτων
945 3019 1002 3086 καί
1025 3019 1252 3107 έξοδιαῑύμτνα
1275 3022 1351 3105 πρὸς
1373 3028 1551 3109 περιποίη-

183 3135 190 3154 ”
268 3169 317 3214 σιν
346 3151 402 3214 καί
425 3147 588 3232 βελτίοσιν
612 3149 668 3210 καί
694 3146 858 3210 ἀνάκτισιν
883 3153 937 3210 τοῦ
963 3149 1176 3230 μοναστηρίου
1210 3141 1268 3208 ένα
1292 3142 1338 3208 ἔπ’
1364 3141 1436 3228 ἐμοὶ
1461 3165 1551 3209 κοττ-

268 3275 456 3358 αρτίζωντατ
489 3273 569 3357 μετὰ
597 3267 654 3334 καὶ
688 3268 841 3358 είδήσεως
875 3279 935 3333 τῦν
971 3265 1113 3333 ἐνταῦθα
1148 3277 1306 3354 μοναχῦν.
1342 3267 1371 3332 τὶ
1405 3269 1443 3331 δέ
1479 3291 1550 3334 που

268 3396 350 3482 τύχῃ
379 3397 435 3460 καί
465 3391 528 3482 ούχ
555 3392 599 3467 τίς
627 3395 778 3460 σύστασιν
806 3396 862 3458 καί
886 3389 1016 3478 αὔξησιν
1040 3399 1095 3456 τοῦ
1123 3391 1266 3456 τοιούτου
1294 3393 1460 3477 κτήματος
1484 3397 1551 3457 καί

269 3515 476 3603 ἀπαρτισμὸν,
501 3515 544 3590 είς
569 3515 586 3580 δ
608 3517 713 3582 πολλὰ
737 3515 857 3602 ἔκαμον
882 3517 975 3598 (θεὸς
999 3511 1015 3578 ὁ
1036 3523 1097 3578 τῦν
1117 3524 1260 3600 κρυπτῶν
1277 3517 1419 3602 γνύστης
1435 3513 1549 3596 οἶδεν)

269 3640 508 3706 ἀνακτίσασθαι
534 3642 590 3703 καί
625 3649 780 3726 συστῆσαι
809 3637 839 3702 οἱ
867 3647 1003 3706 τοιοῦτοι
1037 3641 1176 3726 μοναχοί
1203 3635 1432 3724 διατρέχουσιν,
1465 3635 1547 3704 ἀλλ’

268 3764 313 3838 είς
337 3762 515 3852 ἀφανισμὸν
544 3759 562 3850 ἢ
587 3761 617 3826 οἱ
639 3773 692 3828 νῦν
716 3764 801 3842 λεγιδ
825 3761 844 3851 ἢ
870 3759 900 3828 υἱ
924 3767 1102 3848 μετέπειτα,
1130 3759 1183 3825 ἵνα
1208 3759 1324 3848 ἔχωσιν
1352 3759 1399 3826 ἀπ’
1423 3759 1547 3840 ἀδείας

267 3887 297 3954 οἱ
324 3882 402 3953 καθ’
433 3885 568 3973 αἵματίς
592 3908 652 3973 μου
677 3883 856 3972 ἀνακρίνειν
879 3890 936 3950 καί
959 3884 1143 3970 ἀνατρέπειν
1168 3885 1222 3971 τὴν
1250 3895 1357 3950 πάσαν
1385 3889 1544 3975 τοιαύτην

267 4013 467 4098 συμβίβασιν.
486 4019 687 4098 συμφωνοῦσι
710 4011 746 4074 δέ
763 4007 793 4074 οἱ
816 4007 954 4096 μοναχσὶ
971 4007 1100 4074 ἀνύπιυν
1124 4011 1180 4073 καί
1195 4017 1255 4076 τῶν
1278 4011 1425 4074 κάτωθεν
1443 4007 1544 4098 δρατ-

265 4138 382 4200 λύντων
411 4132 592 4221 ὑπογράψαι
620 4134 796 4220 μαρτύρων,
823 4129 876 4196 ἵνα
905 4133 971 4219 ἔχω
998 4133 1039 4196 δι’
1068 4127 1145 4196 ὅλου
1173 4129 1344 4219 ἀταράχως
1368 4133 1421 4219 τήν
1448 4137 1542 4224 ζωήν

266 4282 337 4346 μου,
362 4259 404 4334 ὼς
427 4263 484 4324 καί
508 4257 538 4323 οἱ
553 4259 657 4324 λοιποί
681 4259 818 4342 μοναχυί
841 4253 976 4329 ἅπαντος
1000 4259 1054 4320 καί
1080 4260 1128 4334 τὰ,
1153 4253 1231 4341 ἅπερ
1257 4254 1422 4344 ἐκράτησα
1445 4257 1541 4344 λύγῳ

266 4391 326 4470 μού
355 4374 400 4458 τίς
425 4387 540 4470 μικράν
566 4403 625 4469 μου
648 4385 861 4467 περιποίησιν,
889 4377 948 4454 έέω
971 4383 1031 4444 καί
1054 4379 1099 4453 τίς
1124 4375 1205 4445 αύτά
1229 4377 1275 4444 ἐπ’
1305 4378 1417 4454 ἀδείας
1439 4392 1544 4470 ποιῆ-

266 4531 333 4590 σαι,
363 4508 380 4572 δ
414 4507 513 4573 θέλω.
549 4505 576 4570 εί
604 4507 639 4569 δέ
673 4499 709 4570 ού
737 4505 907 4590 πληροῦσιν
944 4501 973 4568 οἱ
1009 4502 1161 4590 μοναχοί,
1197 4499 1271 4568 ύσον
1297 4507 1539 4592 συνεφώνησαν,

263 4631 361 4718 ἤγουν
389 4629 435 4702 τίς
461 4630 623 4694 ἀνάκτισιν
657 4631 713 4694 καί
746 4627 910 4709 βελτίωσιν
945 4637 1000 4714 τῆς
1029 4637 1138 4713 μονῆς,
1171 4624 1224 4692 ἵνα
1259 4627 1326 4714 έχω
1354 4622 1452 4704 αὐτὸς
1480 4630 1538 4696 ἀπ’
