3238 5282
1259 229 1324 327 εἰσ

69 460 211 542 ριιίτατον
239 453 381 524 αόθέντα
409 463 466 524 καί
488 465 610 547 πατίρα
634 457 730 547 όμιῦν,
758 463 811 526 τόν
835 463 1126 539 πανευγτνίστατον
1144 455 1324 543 Κομνηνῦν,

68 583 136 665 πρὸς
158 582 214 667 τήν
238 579 308 646 κατ’
333 583 391 669 ἐμὲ
415 580 593 671 αἰτιωτάτην
618 583 792 671 ἐπισκοπὴν
816 580 892 669 ὑπὲρ
916 591 980 670 τῆς,
996 589 1096 668 μονῆς
1123 589 1178 667 τῆς
1200 578 1327 664 Πορτα-

70 707 163 787 ραίας,
188 706 243 768 τόν
271 704 444 791 ἀμπελῶνα
472 717 526 772 τοῦ
554 707 785 794 Ἀμμολυχίως
813 711 869 772 καὶ
897 709 937 772 τά
964 707 1115 794 χωράρια
1142 713 1203 768 τῶν
1227 699 1326 782 άγίων

69 827 240 914 Θεοῦιόρων.
270 824 330 894 οόκ
357 827 499 918 ὀφείλετε
531 829 609 918 ῦίή
639 827 726 917 όμείς
755 829 785 895 οί
811 833 1094 910 παντυγτνίαταται
1124 823 1278 911 όμόίυγοι
1304 823 1324 912 ἢ

69 945 84 1035 ή
104 957 176 1038 παρ’
201 947 287 1037 όμῶν
311 950 522 1040 ἀνεγερθεῐοαι
544 962 600 1019 τοῦ
622 953 812 1040 Προῦρόμου
836 954 916 1040 μονή
939 951 1020 1029 όξειν
1044 950 1091 1016 ἀπ’
1116 947 1228 1022 ἀδείας
1249 951 1326 1014 ποτε

69 1085 120 1138 τῦν
147 1075 268 1161 καίριόν
295 1074 315 1163 ἢ
344 1087 403 1141 τῦν
427 1080 549 1163 χρόνων
574 1087 789 1163 μεταποιῆσαι
824 1078 879 1163 τήν
907 1085 964 1163 τῆς
997 1074 1200 1160 Πορταραίας
1228 1071 1325 1158 μονήν

70 1196 107 1270 είς
127 1198 363 1284 πατριαρχικήν
386 1197 407 1287 ή
430 1197 539 1286 ἕτερον
567 1196 732 1288 εόκτήριον
756 1202 833 1266 ναόν
862 1197 1024 1284 ἀνεγεῖραι
1050 1194 1083 1261 όν
1111 1195 1156 1281 τηῖ
1179 1193 1243 1281 όλιρ
1265 1215 1324 1260 πτ-

70 1324 156 1406 ριόριρ
194 1331 251 1408 τῆς
283 1322 487 1408 Πορταραίας
522 1322 573 1389 ἐπὶ
610 1328 832 1411 οταυροπηγίιρ
870 1319 1100 1409 πατριαρχικιρ.
1139 1319 1168 1386 εί
1200 1319 1237 1384 όί
1269 1321 1327 1384 καί

68 1453 152 1510 τοῦτο
186 1453 320 1532 ποιήσαι
355 1446 588 1534 ίπιχειρήσετε,
623 1445 745 1535 ὀφείλει
780 1446 975 1513 άπεντεῦθεν
1011 1443 1228 1510 ὲκῦιυίκεσθαι
1263 1440 1326 1508 ἀπό

70 1577 119 1654 τῆς
146 1565 302 1656 ἡμετερας
338 1577 437 1655 μανίης
465 1580 520 1657 τῆς
554 1569 758 1657 Πορταραίας
788 1568 809 1658 ή
844 1579 898 1636 τοῦ
932 1569 1121 1656 Πρυόρόμου
1157 1569 1248 1654 μονή.
1276 1563 1328 1632 όπί

23 1741 24 1760 ι
69 1695 159 1776 τοόιιρ
188 1697 249 1779 γάρ
277 1697 333 1758 καί
361 1695 396 1756 τό
419 1695 519 1778 παρόν
541 1690 693 1781 ήμὲτερον
723 1697 855 1780 γράμμα
883 1694 1030 1779 συνήθως
1054 1691 1231 1776 βεβαιωθὲν
1253 1685 1335 1774 παρ’

70 1813 140 1901 ἐμοῦ
164 1815 305 1902 ἐπεδόθη
331 1812 400 1902 όμίν
424 1815 469 1889 είς
493 1817 673 1905 ἀσφάλειαν
701 1821 809 1904 μηνί
832 1817 1091 1902 σεπτεβρίιρ
1113 1813 1195 1880 ίνῦ.
1218 1835 1240 1878 π
1252 1815 1327 1900 ρώ-

23 1959 24 1964 ’
70 1961 149 2026 της.
173 1943 434 2026 παρεγγυώμεθα
449 1941 485 2005 δὲ
509 1951 587 2006 πᾶσι
603 1953 667 2016 τοῖς
691 1936 764 2028 μεθ’
786 1938 872 2028 ἡμας
889 1941 1056 2028 μέλλουσιν
1081 1937 1329 2025 ἀρχιερατεῦσαι

71 2062 98 2130 ὲν
119 2063 198 2150 αἰγίιρ
221 2067 376 2152 πνεόματι
394 2077 432 2152 τῇ
456 2063 535 2130 καθ’
557 2061 644 2153 ήμᾱς
667 2063 831 2152 ἁγιωτάτῃ
856 2063 1014 2152 όπιοκοπή
1032 2065 1074 2150 μή
1099 2061 1143 2137 εἰς
1167 2061 1329 2147 ἀναίρεσιν

70 2197 118 2253 τοῦ
144 2193 298 2275 παρόντος
326 2186 486 2276 ἐγγράφου
509 2185 599 2275 ήμῦν
624 2187 744 2254 ἀπιδεῖν
769 2198 906 2275 μερικῶς
928 2186 949 2276 ή
972 2188 1134 2270 καθόλου,
1163 2185 1231 2251 ίπεί
1253 2181 1328 2250 οόόί

23 2327 24 2344 ’
69 2315 116 2400 τήν
143 2323 304 2400 τυχοῦσαν
335 2317 448 2400 ζημίαν
478 2309 648 2401 όρίσταται
675 2311 707 2378 ίν
735 2313 780 2401 τῷ
806 2316 1010 2401 κατέχεσθαι
1033 2313 1088 2400 τήν
1120 2321 1176 2399 της
1199 2309 1326 2396 Πορτα-

23 2537 24 2540 ,
69 2441 153 2521 ραίας
176 2438 275 2523 μονήν
298 2439 385 2522 παρὰ
408 2445 464 2523 τής
487 2445 586 2523 μονής
609 2445 664 2502 τοῦ
688 2435 887 2524 Προθρόμου.
1284 2537 1288 2549 Ι

146 2557 235 2627 Οὕτω
265 2559 322 2625 καὶ
349 2562 384 2625 τό
414 2559 599 2648 ἐκδοτήριον
635 2565 767 2648 γράμμα
795 2569 850 2627 τοῦ
878 2560 1101 2649 Δημητριάόος
1130 2558 1180 2625 ἐπί
1206 2569 1244 2647 τή
1272 2567 1328 2647 τής

69 2683 263 2772 Πυρταραίας
288 2696 369 2772 μονή
392 2687 470 2771 πρός
494 2685 550 2770 τήν
574 2686 672 2772 μονήν
696 2694 750 2750 τοῦ
774 2691 880 2771 τιμίου
905 2685 1132 2773 [Προῦρόμου].

330 2947 453 3015 XXXV.
472 2949 549 3016 Sine
564 2969 656 3031 anno,
673 2969 781 3016 mense
797 2950 928 3026 octobri,
944 2949 1009 3017 ἰυιλ
1027 2949 1051 3016 Ι.

70 3095 186 3152 Μίτίιιιῦί
206 3097 389 3162 Ρατιαικικο,
412 3099 562 3169 episcopus
586 3097 792 3168 Demetriadis,
813 3100 984 3155 monasterio
998 3097 1099 3154 Νοτιαε
1113 3097 1220 3153 Patrae
1238 3095 1329 3150 ἀοπαί

393 3223 595 3276 monasterium
610 3220 639 3279 S.
655 3189 773 3276 Νίαοίαί
786 3219 999 3292 Ραίίννόοραίί.

69 3367 365 3458 Έκόοτήριυν
404 3381 481 3436 τοῦ
524 3373 860 3460 Δημητριάδυς
899 3371 970 3438 ἐπί
1007 3383 1058 3460 πή
1097 3383 1211 3459 μονή
1250 3379 1328 3436 τοῦ

226 3494 364 3576 ἁγίου
399 3495 640 3562 Νικολάου
675 3505 752 3560 τοῦ
787 3495 1163 3582 Παλιρρυπάτυα.

148 3671 360 3758 Παραόίῦωμι
382 3673 461 3757 πρός
484 3672 540 3758 τήν
565 3673 741 3759 σεβασμίαν
764 3674 999 3760 πατριαρχικήν
1024 3677 1208 3754 γυναικείαν
1232 3672 1330 3759 μονήν

70 3802 117 3858 τοῦ
151 3801 256 3882 τιμίου
279 3795 469 3882 Προδρόμου
497 3804 553 3882 τῆς
575 3795 664 3870 Νίοις
687 3795 812 3882 Πίτρας
848 3795 1127 3884 ἐπονομαζομίνην
1151 3797 1206 3883 τήν
1230 3795 1263 3861 ἐν
1286 3795 1331 3882 τῷ

71 3917 183 4005 θεματι
210 3927 266 4007 τῆς
290 3919 544 4007 Δρυανουβαίνης
578 3920 782 4008 ῦιακειμίνην
811 3921 867 4007 τήν
895 3917 933 3986 ἐκ
968 3922 1098 4008 βάθρων
1127 3917 1228 3985 αότῦιν
1256 3917 1330 3986 ἀνε-

72 4045 234 4128 γερθεῦααν
268 4045 355 4128 παρά
388 4053 448 4107 τῶν
483 4039 714 4122 εὐγενεστάτων
749 4041 922 4130 όμοῑόγων,
958 4052 1013 4109 τοῦ
1047 4067 1080 4110 τε
1113 4046 1330 4130 περιποθήτου

72 4170 208 4254 γαμβροῦ
236 4174 292 4231 τοῦ
319 4175 473 4252 κραταιοῦ
497 4169 553 4230 καί
577 4163 670 4246 ἀγίου
693 4163 782 4254 ήμῶν
807 4163 965 4233 αόθίντου
994 4171 1051 4234 καί
1078 4167 1249 4253 βασιλέως,
1273 4175 1329 4232 τοῦ

71 4285 415 4379 Κομνηνοόουκοφυοῦς
444 4293 500 4354 καί
528 4287 684 4369 Ἀγγόλου
707 4299 805 4376 κυροῦ
831 4287 997 4357 Νικολάου
1021 4299 1076 4357 τοῦ
1108 4289 1329 4377 Μαλιααηνοῦ,

72 4417 120 4478 καί
146 4423 203 4502 της
237 4415 455 4500 περιποθήτου
485 4415 619 4499 συμβίου
643 4409 749 4502 αὐτοῦ,
780 4421 836 4500 τῆς
866 4416 1083 4502 περιποθήτου
1111 4413 1244 4501 ἀνεψιᾶς
1274 4422 1330 4478 τοῦ

72 4547 221 4624 κραταιοῦ
249 4543 305 4602 καί
335 4535 428 4618 ἁγίου
455 4534 543 4625 ήμῶν
568 4535 725 4604 αιἰθόντοο
748 4541 804 4602 καί
829 4539 1015 4622 [βασιλέως]
1029 4589 1255 4606 .....
1304 4537 1331 4618 “)

154 4663 181 4742 ¹)
206 4669 330 4724 Ευαίιαε
346 4669 437 4724 lineae
452 4669 536 4728 άκυτ.
