3140 5284
260 257 322 318 134

259 468 332 532 μου,
367 451 407 511 τὰ
434 451 490 510 καί
525 447 716 535 διαφέροντα
745 469 799 532 μοι
826 450 883 512 καί
910 447 1098 532 διακείμενα
1133 443 1167 508 ὲν
1189 455 1229 531 τη
1257 443 1436 526 τοποθεσίορ
1470 449 1525 506 τού

258 567 391 656 Πραύλη
420 575 460 635 τὰ
490 575 547 636 καί
573 573 775 660 πλησιαστὰς
807 571 925 657 ἔχοντα
949 569 1022 643 τούς
1047 572 1157 641 θείους
1192 589 1252 654 μου
1288 567 1361 640 τούς
1387 565 1525 650 Βαρίτας

258 698 316 759 καί
344 691 376 770 ἐξ
410 691 565 782 ἑτέρωθεν
593 698 633 761 τὰ
667 707 723 782 τῆς
757 705 856 782 μονῆς
883 703 938 759 τού
974 697 1077 780 τιμίου
1112 692 1263 777 Σταυρού,
1299 687 1376 755 ύισεί
1410 690 1525 762 δεκαέξ

259 815 336 882 ύντα
370 822 451 902 μετὰ
484 821 607 883 πάντων
648 828 707 883 τῶν
739 819 872 882 δικαίων
910 821 967 882 καί
1005 821 1182 902 προνομίαν
1222 811 1325 880 αὐτῶν
1362 836 1395 879 κ.
1431 836 1458 878 τ.
1496 813 1524 876 λ.

373 945 626 1030 περιεστησαμεν
660 939 847 1008 αύτὰ....
883 941 930 1016 είς
969 937 1130 1028 ύπέρπυρα
1164 941 1293 1018 δεκαέξ,
1328 939 1350 1004 ἃ
1390 938 1431 1024 δη
1470 937 1527 1002 λα-

260 1067 368 1150 βύντες
381 1117 388 1132 .
402 1116 410 1131 .
425 1117 455 1132 ..
481 1065 717 1154 έκχοιρούμτθοὶ
737 1089 788 1132 σοι
811 1065 1023 1150 ἐπιλαβέσθαι
1046 1061 1148 1132 αὐτῶν
1165 1115 1173 1130 .
1191 1115 1198 1130 .
1217 1115 1225 1129 .
1243 1114 1251 1130 .
1274 1069 1332 1130 καί
1346 1058 1525 1150 ὁμολογού-

259 1211 315 1276 μεν
332 1241 340 1256 .
358 1241 365 1254 .
383 1239 417 1256 ..
453 1193 496 1278 μή
526 1189 572 1263 εἰς
601 1188 779 1277 ἀνατροπὴν
807 1194 864 1256 καί
892 1191 1105 1278 μεταμέλειαν
1132 1191 1249 1276 ταύτης
1274 1183 1355 1262 ύλιυς
1378 1196 1525 1273 χωρῆσαι

259 1363 344 1379 ....
370 1313 455 1380 ἀλλὰ
477 1326 516 1402 τη
541 1313 695 1401 ἐμφανείορ
717 1323 772 1380 τυύ
793 1317 949 1399 παρόντος
972 1311 1060 1402 ἡμῶν
1084 1311 1244 1400 ἐγγράφου
1261 1309 1525 1397 ἀποπεμπιύμεθα

259 1435 417 1524 ἄπρακτοι
444 1441 501 1503 καί
534 1439 861 1524 καταδεδικασμένοι,
891 1435 1101 1524 ἀποδώσομεν
1128 1437 1164 1500 δέ
1192 1439 1249 1500 καί
1271 1433 1316 1509 είς
1339 1437 1374 1498 τύ
1400 1434 1525 1516 βασιλι-

258 1565 316 1626 κύν
344 1563 521 1648 βεστιοίριον
549 1558 710 1648 ύπέρπυρα
738 1561 842 1628 εἴκοσι
868 1565 925 1626 καί
957 1563 993 1626 τύ
1028 1565 1150 1647 τίμημα
1185 1555 1287 1624 αὐτῶν
1322 1555 1371 1622 έπί
1406 1559 1443 1622 τύ
1477 1579 1524 1619 τε-

259 1685 416 1771 τραπλοῦν
448 1706 479 1750 κ.
519 1707 545 1751 τ.
586 1687 615 1750 λ.
651 1682 795 1773 δρείλετε
829 1685 866 1750 δέ
902 1684 1053 1750 ἐπιτελεῖν
1086 1680 1157 1748 κατ’
1198 1682 1269 1758 έτος
1305 1680 1524 1768 ἀνεπαυξητιις

260 1807 380 1897 ἄστρον
409 1809 442 1874 δν
559 1812 644 1874 κατὰ
673 1813 813 1896 μύρτιον.
839 1813 944 1896 μηνί
969 1807 1134 1894 ἰουλίιμ
1167 1805 1248 1873 ίνδ.
1281 1803 1424 1892 έκτης
1452 1813 1525 1870 τού

265 1931 528 2019 ,ψεσθε

348 2073 465 2157 Signa
497 2073 659 2159 μαρτύριον
687 2073 853 2159 Θεόδαρου
877 2079 931 2140 τού
959 2071 1135 2158 Μαρτίνου,
1169 2070 1336 2138 Νικολάου
1371 2079 1428 2136 τού
1454 2069 1523 2136 Κα-

259 2198 363 2280 καβᾱ,
397 2195 537 2270 Λέοντος
560 2204 615 2261 τοῦ
639 2193 794 2284 Ἀρμένη,
821 2194 956 2283 Μιχαὴλ
984 2205 1038 2262 τού
1066 2195 1252 2283 Ματζούκη,
1280 2197 1449 2282 Θεοδώρου
1472 2203 1524 2260 τού

258 2319 406 2407 Βαρίτου.

348 2457 611 2548 γἸοάννης,
641 2458 951 2548 ἀναγνύστης
973 2465 1051 2529 καί
1074 2461 1273 2547 νομικὸς
1295 2468 1374 2545 τῆς
1398 2455 1527 2538 ἀγιιυ·

262 2588 404 2672 τατης
442 2587 779 2672 μητροπόλεως
824 2585 1034 2672 Σμύρνης
1077 2588 1156 2649 καί
1194 2582 1385 2669 ένορίας
1423 2580 1529 2648 Μαν-

262 2704 1527 2796 ταίας,ύΦακᾶς,γροίψαςκαίμαρτυρῶνύπέγραψαγ.

517 2970 624 3040 LXVI.
642 2973 874 3053 6740-1232‚
892 2992 999 3038 mense
1015 2969 1136 3050 martio,
1152 2971 1217 3038 ind.
1235 2972 1270 3040 V.

482 3103 603 3159 Νίοτίαε
620 3101 744 3158 cabum
760 3113 787 3158 et
800 3122 872 3159 υκαι·
886 3105 1058 3159 monasterio
1073 3105 1199 3160 vendunt
1213 3105 1313 3162 οίίυατ.

351 3251 461 3334 ῒΤύ
495 3256 757 3340 πρατήριον
792 3251 969 3328 τῶνείς
997 3261 1075 3318 τού
1103 3253 1377 3342 Παναρέτου
1413 3252 1527 3318 ἐλαί-

263 3374 1527 3464 κῶνδένδρωντούΚαβούρηκαίτῆςγυναικύςαύτούγ.

353 3514 484 3600 Signa:
513 3515 639 3605 Νικητα
663 3528 719 3583 τού
742 3515 895 3606 Καβούρη
922 3523 978 3584 καί
1001 3515 1161 3592 Εύδοκίας
1186 3527 1241 3605 τῆς
1265 3521 1399 3605 συμβίου
1424 3514 1526 3582 αύτού.

352 3661 374 3737 †
401 3646 455 3722 Ἐν
490 3654 623 3744 δνύματι
650 3679 681 3724 κ.
712 3682 737 3724 τ.
768 3658 797 3724 λ.
832 3658 977 3748 Νικητας
1005 3656 1021 3724 δ
1049 3657 1222 3747 Καβούρης
1256 3663 1312 3725 καί
1343 3653 1526 3742 Εύδοκίαὴ

265 3781 377 3846 τούτου
401 3780 535 3860 σύζυγος
557 3802 588 3846 κ.
613 3804 639 3847 τ.
664 3782 693 3846 λ.
718 3782 773 3868 την
792 3792 955 3870 παροῦσαν
978 3782 1137 3872 ἔγγραφον
1160 3789 1218 3849 καί
1241 3783 1456 3874 ένυπύγραρον
1473 3833 1479 3848 .
1497 3831 1527 3846 ..

264 3915 378 3991 πρᾶσιν
395 3955 402 3970 .
421 3955 428 3970 .
446 3955 454 3971 .
473 3955 479 3970 .
502 3901 653 3992 ποιοῦμεν
670 3957 677 3971 .
696 3957 703 3972 .
721 3957 728 3971 .
747 3956 755 3971 .
778 3909 857 3993 πρύς
874 3911 921 3986 σὲ,
943 3910 997 3974 τύν
1011 3907 1270 3995 πανηγιασμένον
1285 3911 1528 3996 καθηγούμενον

266 4037 322 4116 τῆς
349 4030 527 4115 οεβασμίας
562 4029 732 4118 βασιλικῆς
759 4027 853 4112 ἁγίας
888 4041 987 4118 μονῆς
1020 4039 1076 4117 της
1104 4037 1330 4120 παναχροίντυυ
1364 4033 1526 4114 δεσποίνης

265 4149 355 4242 ἡμῶν
376 4155 535 4222 θεοτύκοο
555 4163 611 4240 τῆς
634 4152 886 4242 Λεμβιοιτίυσης,
912 4163 971 4240 κύρ
998 4153 1191 4242 Γεροίσιμον,
1215 4162 1271 4222 καί
1299 4159 1354 4222 διὰ
1377 4167 1435 4222 σού
1457 4157 1528 4240 πρὸς

268 4279 304 4343 τύ
339 4276 398 4344 ύπύ
426 4280 482 4364 την
509 4280 657 4364 τοιαύτην
691 4281 790 4366 μονὴν
818 4277 901 4344 ἅπαν
936 4283 1081 4364 μέρος..
1100 4329 1133 4346 ..
1169 4283 1225 4344 καί
1260 4284 1321 4367 γὰρ
1349 4285 1390 4346 τὰ
1421 4279 1528 4344 ὲλαῐκά

269 4403 385 4488 δένδρα
413 4405 453 4466 τὰ
487 4407 543 4467 καί
571 4405 759 4490 διακείμενα
787 4402 819 4470 ἐν
848 4402 889 4488 τῷ
920 4407 1027 4490 χωρίῳ
1056 4413 1111 4470 τού
1134 4403 1322 4491 Παναρέτου
1350 4409 1390 4470 τὰ
1413 4404 1528 4488 περιελο

270 4529 372 4591 δύντα
401 4549 454 4611 μοι
483 4523 521 4590 έκ
547 4531 678 4613 προικός
708 4549 768 4613 μου
797 4531 836 4591 τὰ
864 4531 920 4592 καί
943 4529 1077 4614 πλησίον
1105 4537 1166 4592 τῶν
1189 4530 1325 4616 δένδρων
1348 4539 1409 4594 τῶν
1430 4532 1530 4614 πρύην

273 4647 518 4736 ίξευνησαμένυιν
543 4663 581 4738 τῇ
597 4647 655 4717 ύπό
680 4655 716 4716 σί
733 4648 810 4734 ἁγία
834 4662 915 4736 μονη
940 4649 1002 4716 ἀπὸ
1026 4661 1081 4717 τοῦ
1098 4655 1254 4739 πενθεροῦ
1279 4677 1351 4741 μου,
1368 4663 1422 4720 τού
1443 4652 1528 4730 Λεγᾱ
