3168 5274
280 271 346 341 3⁷0

284 490 360 552 γνυο
383 491 444 556 μου
466 471 668 558 θεομῆτυρυς
692 471 931 555 σεμνυνόμενον,
955 469 991 534 τό
1011 465 1263 555 Ἡσυχαστῆριον
1286 467 1322 532 δὲ
1345 467 1432 552 παρόι
1453 475 1542 532 πόσιν

283 589 557 682 ἐπωνυμσόμινον,
588 596 663 680 μεθ’
688 583 733 658 ὧν
757 590 919 658 άνέκαθτν
942 593 1073 658 δικαίων
1102 594 1157 658 καὶ
1184 595 1361 677 προνομίων
1386 589 1543 678 ἐκίιιτητο,

285 719 477 804 ἀμπελώνων
500 718 638 806 δηλαδὴ,
662 727 721 804 γῆς
745 715 901 804 ἀροσίμυυ
924 720 981 782 καί
996 717 1110 803 λοιπῆς
1134 713 1262 802 ἁπάσης
1284 719 1452 801 χερσαίας,
1474 717 1546 801 πρὸς

284 843 320 910 δέ
347 841 404 910 καὶ
431 852 491 908 τόν
513 844 793 930 προσκαθημένων
821 841 926 908 ἐκεῖσε
955 838 1141 927 ἀνθρώπων,
1169 841 1250 926 πλην
1274 839 1303 904 δ’
1327 837 1398 904 ἀλλ’
1428 836 1492 902 ἐπεὶ
1512 841 1544 902 τό

284 975 426 1032 τοιοῦτον
462 967 602 1053 μονίδιυν
637 963 784 1053 ἀρχῆθεν
820 970 876 1052 μὲν
911 963 950 1054 ἠν
985 963 1035 1030 ἐπί
1067 963 1291 1050 πατρίαρχικῷ
1328 968 1543 1050 σταυροπηγίμ

285 1087 505 1177 οἰνιδρυμόνυν,
534 1091 649 1164 καθὼς
676 1086 940 1176 ὁμολογουμένως
957 1092 1019 1160 ,καί
1042 1089 1278 1175 μεμαρτύρηται
1304 1090 1360 1152 καί
1383 1095 1439 1152 τοῦ
1467 1089 1544 1152 κατὰ

284 1213 417 1300 καιροὺς
444 1223 679 1300 πατριαρχικυό
710 1220 904 1300 μνημονεῦον
928 1209 1100 1298 θνόματος,
1130 1209 1242 1276 ἀνέτυυ
1265 1208 1293 1276 δ’
1317 1209 1484 1296 ἐσύστερον
1512 1207 1544 1276 τό

284 1339 344 1422 πρό
367 1336 488 1402 πολλοό
509 1338 692 1424 τετυχηκὼς
715 1345 770 1402 τυό
793 1343 909 1422 καιροῦ
933 1333 949 1400 ό
973 1343 1026 1402 νόν
1049 1333 1273 1422 Δημητριάδος
1296 1333 1471 1408 ἐπίσκοπος
1491 1331 1545 1400 Μι-

285 1459 375 1547 χαῆλ
397 1457 415 1537 ὁ
438 1457 623 1546 Πανάρετος
651 1469 719 1535 ταῖς
741 1469 887 1532 τυπικαῖς
916 1456 1019 1526 ἐκεῖσε
1042 1461 1250 1544 περιστάσεσι
1276 1456 1546 1544 καίάινωμαλίαα

285 1583 322 1649 τό
358 1587 415 1669 μέν
448 1585 681 1670 πατριαρχικόν
716 1579 842 1648 ἐκεῖθεν
876 1578 978 1669 ὄνομά
1009 1605 1042 1646 τε
1075 1585 1132 1650 καί
1161 1583 1394 1669 σταυρυπῆγιυν
1422 1585 1547 1666 πάμπαν

285 1703 399 1782 ἐξίωσι
422 1709 479 1774 καί
507 1704 743 1793 ἀπεσιώπησεν,
768 1703 967 1792 ἀκανονίστιμ
1001 1707 1172 1790 δυναστεία
1205 1708 1420 1792 χρησάμενος,
1455 1706 1490 1770 τό
1521 1700 1546 1767 δ’

286 1829 404 1897 υίκιίυν
428 1828 592 1918 ἀντεισῆξε
616 1834 673 1895 καί
693 1827 925 1918 ἐπευφήμησεν.
949 1827 970 1918 ἡ
995 1833 1161 1917 μετριότης
1183 1826 1283 1916 ἡμῶν,
1308 1829 1351 1915 μῆ
1375 1828 1545 1910 ἐνεγκοῦσα

285 1957 322 2021 τό
343 1955 529 2043 παράλογον
553 1961 646 2018 τοῦτο
673 1957 730 2019 καί
754 1952 963 2020 ἀκανόνιστον
992 1950 1122 2042 ὅρμημα
1144 1956 1200 2018 καί
1223 1955 1258 2018 τό
1287 1951 1487 2040 ἐπιχείρημα,
1513 1955 1544 2017 τό

284 2081 384 2166 παρόν
413 2075 604 2165 ἐγχαράττιι
632 2076 830 2156 σιγιλλιόδες
859 2073 1042 2164 ὑπόμνημα,
1078 2071 1118 2140 δι’
1147 2071 1184 2140 οὗ
1216 2077 1298 2163 δῆτα
1325 2079 1383 2142 καί
1410 2074 1443 2141 ἐν
1471 2073 1544 2162 άγίιρ

284 2203 456 2289 διορίζεται
488 2209 644 2287 πνεόματι
678 2211 717 2289 τῆ
745 2201 881 2288 δοθείση
917 2201 1016 2287 ταότη
1043 2201 1165 2266 θεόθεν
1200 2198 1399 2288 ἀπσστυλικῆ
1425 2201 1546 2284 ἐξουσία

285 2329 342 2393 καί
363 2329 481 2412 χάριτι,
505 2319 564 2390 άπὸ
588 2325 643 2411 τῆν
668 2323 838 2412 είρημίνην
860 2327 972 2410 κυρίαν
991 2321 1049 2388 καὶ
1070 2324 1254 2410 καθολικὴν
1279 2325 1376 2411 μονῆν
1400 2345 1547 2410 πατριαρ-

285 2450 381 2537 χικῆν
410 2448 465 2534 τῆν
492 2446 580 2514 Νεάν
607 2445 731 2534 Πάτραν
755 2444 798 2520 ὣς
822 2450 970 2534 μετόχισν
994 2446 1075 2512 εἶναι
1097 2450 1154 2512 καί
1182 2420 1375 2513 ὑποκεῖσθαι
1402 2451 1458 2512 καί
1481 2444 1547 2512 όνυ-

285 2573 453 2660 μαίεσθαι
481 2569 734 2644 ἀναποσπάστως
761 2575 818 2636 καί
846 2568 1055 2644 άδιασείστως
1078 2572 1113 2635 τό
1136 2579 1278 2637 τοιοῦτον
1304 2567 1545 2659 ἡσυχαστῆριον,

286 2699 387 2784 μίνειν
410 2691 438 2759 δ’
467 2691 507 2761 αὖ
534 2695 628 2760 πάλιν
656 2691 699 2768 ὡς
724 2697 968 2781 πατριαρχικόν,
1004 2696 1118 2768 καθιός
1145 2697 1202 2760 καί
1237 2697 1272 2760 τά
1298 2697 1460 2781 πρότερον,
1493 2695 1544 2758 καί

283 2816 345 2886 όπό
368 2820 425 2906 τῆν
446 2819 678 2906 πατριαρχικῆν
701 2818 858 2906 περιωπῆν
884 2818 1049 2884 τελεῖσθαι
1071 2822 1128 2884 καί
1151 2819 1206 2904 τῆν
1230 2818 1389 2905 διοίκησιν
1413 2817 1457 2892 είς
1479 2817 1544 2890 τοός

284 2940 358 3030 ἐξῆς
392 2939 534 3058 ἅπαντρις
560 2944 617 3006 καί
651 2943 804 3028 διηνεκεῖς
837 2943 982 3028 χρόνους·
1010 2938 1054 3016 ὡς
1087 2945 1148 3028 γὰρ
1175 2943 1276 3028 δωρον
1310 2937 1463 3029 ἡμίτερυν
1485 2963 1544 3008 πα-

286 3069 469 3154 τριαρχικόν
488 3068 538 3178 ητό
567 3073 709 3131 τοιοῦτον
742 3060 979 3152 ἡσυχαστῆριον
1015 3061 1221 3152 ἀπεχαρίσθη
1255 3067 1311 3130 καί
1342 3061 1480 3152 άπετίθη
1509 3075 1544 3152 τῆ

283 3183 427 3278 ρηθείση
451 3192 613 3276 στβασμία
634 3198 853 3276 πατριαρχικῆ
878 3197 959 3276 μυνῆ
982 3196 1037 3253 τοό
1061 3193 1165 3274 τιμίου
1187 3193 1351 3277 προρῆτυυ
1370 3189 1543 3276 προδρόμου

285 3323 325 3402 τῆ
352 3313 422 3398 Νόορ
445 3313 553 3399 Πέτρη
577 3310 854 3398 ἐπονομαζομένη,
883 3309 931 3398 ἐρ’
956 3307 982 3402 ηί
1003 3313 1060 3376 καί
1087 3308 1191 3384 οὐδείς
1215 3333 1260 3385 τις
1289 3321 1349 3377 τῶν
1373 3310 1543 3378 ἐπισκόπων

286 3436 520 3525 Δημητριάδος,
537 3435 557 3524 ἢ
574 3434 592 3502 ό
608 3444 660 3503 νῦν
675 3433 808 3523 Μιχαὴλ
825 3433 841 3500 ό
858 3433 1045 3522 Πανάρετος
1068 3433 1088 3524 ἢ
1112 3432 1129 3498 ὁ
1153 3437 1295 3524 καθεξῆς
1317 3439 1404 3501 κατὰ
1419 3435 1543 3523 καιροὺς

286 3558 631 3648 ἐπικηρυχθησόμενυς
646 3558 869 3648 Δημητριάδυς
886 3557 1069 3652 ἐπίσκοπος,
1094 3556 1165 3625 οὔτε
1185 3561 1245 3648 μῆν
1261 3557 1278 3626 ὁ
1295 3562 1412 3626 τούτων
1428 3581 1542 3647 μητρυ·

284 3683 417 3772 πολίτης
433 3681 600 3772 Λαρίσσης
624 3685 778 3773 τολμήσει
801 3685 835 3748 τό
860 3682 992 3749 σόνολυν
1017 3678 1204 3748 ἀποσπάσαι
1227 3685 1262 3748 τό
1286 3693 1431 3749 τοιοῦτον
1454 3685 1543 3770 μετό-

283 3829 357 3896 χιον
387 3811 423 3873 τό
451 3805 703 3897 Ἡσυχαυτῆριυν
733 3806 795 3874 άπό
823 3814 879 3894 τῆς
906 3812 1019 3893 κυρίας
1043 3809 1161 3894 ταότης
1183 3817 1420 3894 πατριαρχικῆς
1453 3815 1543 3894 μονῆς

283 3941 340 4020 τῆς
355 3930 443 4006 Νέας
459 3931 586 4018 Πάτρας
609 3936 666 3998 καί
689 3930 732 4006 ὣς
744 3931 826 3998 ἴδιον
851 3928 1154 4019 ἀπυκαταστῆσαιῆ
1178 3928 1454 4020 ἐπιχειρῆσασθαι
1470 3927 1543 4002 ὅλως

223 4150 225 4154 .
281 4065 532 4144 παρασιωπῆσαι
559 4059 594 4121 τό
622 4058 707 4120 κατὰ
735 4055 866 4142 καιροὺς
892 4056 1123 4142 πατριαρχικόν
1150 4050 1253 4141 ὄνομα
1286 4058 1343 4120 καί
1371 4057 1407 4120 τό
1435 4053 1542 4120 οἰκεῖον

286 4177 543 4260 ἐντιισενιγκείν,
568 4177 639 4244 ἀλλ’
663 4173 730 4244 οὐδ’
755 4175 830 4264 ὅπερ
854 4176 1001 4265 ἐξωνῆθη
1031 4177 1220 4264 μυλοτόπιον
1245 4175 1306 4244 ἀπό
1331 4189 1392 4244 τιῐιν
1416 4177 1541 4244 ἐποίκων

284 4311 341 4368 τοῦ
363 4302 469 4371 ἐπάνω
493 4311 548 4390 τῆς
571 4302 826 4390 Δρυανυυβαίνης
853 4305 973 4388 χωρίου
996 4308 1052 4366 τοό
1076 4303 1224 4366 κάτωθεν
1251 4311 1307 4367 τυό
1331 4299 1426 4382 ἁγίου
1448 4300 1542 4368 Νικο-

283 4427 366 4493 λάου
394 4437 449 4494 τυό
476 4425 614 4494 Ξολωπά
641 4428 697 4492 καί
718 4427 902 4514 προσετίθη
926 4436 966 4512 τῆ
988 4424 1058 4492 Νία
1082 4424 1190 4511 Πέτρα
1215 4429 1305 4512 παρὰ
1332 4437 1394 4491 τῶν
1418 4423 1541 4506 τόγενιόν

284 4551 460 4635 βασιλικόν
487 4559 667 4636 πρυσγενων
693 4545 870 4635 Κυμνηνιῖιν
904 4551 961 4614 καί
987 4551 1149 4638 κτητόρων
1182 4550 1238 4636 τῆν
1268 4547 1424 4637 ἀθέτησιν
1454 4550 1540 4636 σχοίη

285 4677 361 4739 πυτέ
389 4679 445 4740 καί
473 4673 570 4740 άλλον
598 4673 755 4758 δεσπότην
783 4675 955 4758 γνωρίσειε·
984 4681 1044 4736 των
1069 4669 1152 4760 ἂριόν
1176 4676 1237 4758 γὰρ
1264 4675 1321 4748 τάς
1347 4675 1540 4761 παλαμναιο-

569 4775 601 4850 0
