3228 5296
284 287 324 348 12

281 497 382 565 σαμεν
411 477 531 569 στήλην
560 477 615 544 διὰ
643 477 766 565 μαύρας
793 481 910 565 πέτρας
938 453 1077 564 ἐχούσης
1106 477 1278 563 γράμματα
1306 469 1411 562 ύμοια.
1442 449 1562 561 έχεται

279 609 335 667 τού
364 597 461 668 αύτού
490 599 584 690 ἀέρος
611 603 668 667 καί
696 599 871 688 ἀπέρχεται
895 597 944 690 ἐφ’
966 598 1075 668 ἱκανύν
1099 603 1195 687 μέχρι
1222 603 1279 665 καί
1302 608 1358 687 τῆς
1382 597 1560 686 βασιλικῆς

278 723 356 794 ὑάού
385 734 441 814 τής
469 723 531 792 ἀπύ
559 735 614 792 τού
642 724 789 810 λιβαάέου
823 735 883 791 τῶν
910 721 1078 810 Ἀββάύων
1105 717 1362 812 κατερχομένης,
1392 721 1424 788 ἐν
1446 721 1473 811 ή
1494 725 1561 788 καὶ

279 847 459 938 ἐστήσαμεν
482 849 603 938 στήλην
625 849 679 914 ύιά
703 850 826 938 μαύρης
848 851 964 936 πέτρας
980 851 1187 933 τετραγώνου,
1214 845 1354 934 ἐχούσης
1377 849 1560 934 γράμματα

278 971 385 1062 ὅμοια,
410 973 469 1040 έῶν
493 973 645 1062 ἀριστερὰ
669 976 726 1061 μέν
749 975 790 1039 τὰ
812 971 923 1038 δίκαια
945 979 1006 1038 τῶν
1030 969 1226 1059 Σμυρναίων,
1255 971 1344 1048 δεξιὰ
1371 973 1411 1037 τὰ
1438 991 1560 1058 περιο-

276 1099 439 1186 ριζύμενα.
476 1095 538 1164 ἀπύ
566 1099 684 1186 ταύτης
711 1100 881 1186 στρέφεται
907 1099 985 1183 τρύς
1014 1093 1189 1175 ἀνατολάς,
1225 1093 1338 1183 ἔχεται
1365 1103 1420 1160 τού
1452 1091 1559 1160 αύτού

278 1218 374 1308 ἀέρος
400 1225 457 1287 καί
491 1229 548 1309 τής
576 1221 746 1308 βασιλικῆς
773 1217 865 1300 ύύού,
894 1217 954 1286 ἐῶν
983 1213 1133 1306 ἀριστερὰ
1160 1221 1200 1285 τὰ
1227 1217 1340 1284 δίκαια
1368 1227 1423 1304 τῆς
1452 1215 1486 1283 ἐν
1512 1225 1558 1304 τῇ

275 1344 404 1433 Σμύρνη
429 1353 528 1433 μονῆς
553 1353 609 1410 τού
632 1343 780 1432 Σωτῆρος
801 1343 950 1430 Χριστοῦ,
975 1353 1031 1432 τῆς
1053 1349 1108 1408 τού
1131 1342 1333 1430 Καμελαυκᾱ
1358 1337 1557 1429 ἐπιλεγομέὲ

275 1490 342 1556 νης,
371 1469 459 1545 δεξιὰ
482 1473 521 1534 τά
548 1471 807 1556 τεριοριζύμενα,
834 1472 892 1533 καί
921 1463 1095 1554 ἀπέρχεται
1124 1469 1219 1554 μέχρι
1252 1465 1308 1534 καί
1342 1437 1398 1532 τού
1428 1461 1556 1553 ῥύακος

275 1601 332 1658 τού
360 1591 423 1659 ἀπύ
450 1599 506 1680 τῆς
532 1589 644 1672 Ἀγίας
671 1595 911 1679 καταρχομένου
938 1593 995 1657 καὶ
1021 1597 1076 1656 τού
1103 1589 1204 1678 ἀκρου
1232 1599 1287 1656 τού
1312 1587 1557 1678 παρακειμένου

274 1717 497 1802 πετροβούνου,
522 1714 555 1782 έν
579 1713 605 1806 ᾧ
627 1721 684 1782 καί
707 1714 740 1781 ἐν
765 1715 824 1803 μιᾷ
847 1725 910 1780 τῶν
935 1715 1040 1781 ἐκεῖσε
1062 1711 1212 1802 μεγάλων
1238 1709 1404 1802 βιίιμαίων
1426 1725 1557 1801 πετρῶν

275 1837 516 1928 ἐνεκολάψαμτν
550 1842 726 1928 γράμματα
760 1836 868 1926 ὃμοια.
904 1837 972 1904 εἶτα
1010 1836 1073 1904 ἀπὸ
1110 1839 1228 1928 ταύτης
1264 1841 1434 1928 στρέφεται
1471 1839 1556 1924 πρύς

275 1963 449 2044 ἀνατολάς,
478 1965 538 2030 ἐῶν
565 1966 654 2042 δεξιὰ
683 1967 739 2052 μέν
767 1965 807 2028 τά
830 1965 943 2030 δίκαια
966 1974 1021 2030 τού
1050 1963 1201 2051 Δερματά
1228 1965 1285 2029 καὶ
1309 1971 1363 2029 τού
1386 1961 1554 2041 Κολελού,

273 2092 331 2154 καί
358 2086 535 2176 ἀπέρχεται
564 2091 659 2176 μέχρι
686 2095 741 2154 τού
766 2083 885 2174 ῥύακος
908 2095 963 2153 τού
987 2085 1050 2152 ἀπὸ
1075 2095 1131 2174 τῆς
1155 2084 1249 2168 ἀχίας
1276 2085 1405 2176 Ἑλένης
1427 2105 1555 2173 κατερ-

273 2215 422 2299 χομένου.
449 2209 512 2277 ἀπὸ
535 2213 647 2277 τούτου
670 2210 770 2277 κλίνει
790 2213 867 2307 τρύς
890 2211 1100 2298 μεσημβρίαν,
1126 2211 1237 2298 ἔχεται
1253 2219 1307 2276 τού
1325 2206 1422 2277 αύτού
1439 2209 1554 2296 ἀέρος,

272 2344 397 2422 κρατῶν
425 2342 481 2400 τού
505 2334 673 2424 εἰρημένου
698 2331 818 2422 ῥύακος
841 2332 912 2401 κατ’
937 2331 1083 2413 εύύείαν,
1111 2337 1168 2400 καί
1192 2333 1368 2422 ἀπέρχεται
1390 2343 1446 2422 τῆς
1469 2331 1554 2400 ύδού

274 2469 331 2547 της
352 2462 430 2545 πρὸς
452 2461 506 2525 τάν
528 2458 715 2526 Κούκουλον
740 2456 937 2546 ἀτυχούσης,
962 2456 994 2523 έν
1015 2456 1045 2546 ή
1067 2461 1123 2523 καί
1148 2456 1327 2546 ἐστήσαμεν
1351 2457 1471 2545 στήλην
1493 2457 1554 2523 ύιά

275 2585 400 2670 μαύρης
422 2587 549 2670 πέτρας,
574 2581 713 2670 ἐχούσης
729 2587 905 2669 γράμματα
929 2578 1035 2669 ὃμοια.
1060 2581 1127 2646 εἶτα
1150 2583 1289 2668 κάμπτει
1310 2581 1387 2668 πρύς
1410 2582 1552 2666 δυσμὰς,
1604 2635 1605 2638 ,

274 2707 388 2794 ἔχεται
413 2715 471 2774 τού
499 2702 597 2773 αὐτού
626 2704 734 2794 ἀέρος,
763 2717 888 2794 κρατῶν
916 2707 971 2794 τήν
995 2703 1069 2772 ύδύν
1088 2701 1164 2772 κατ’
1190 2703 1334 2785 εύθείαν,
1362 2711 1420 2772 καί
1444 2705 1551 2792 ἀπέρ-

272 2853 367 2918 χεται
391 2837 487 2919 μέχρι
514 2835 571 2898 καί
597 2841 658 2897 τῶν
681 2836 850 2919 χωραφίων
874 2841 934 2895 τῶν
957 2829 1155 2919 Τραχεινων,
1180 2829 1213 2896 ἐν
1237 2829 1262 2919 ᾧ
1282 2829 1340 2897 καί
1363 2827 1550 2918 ἐστήσαμεν

272 2955 392 3044 στήλην
415 2955 470 3021 διὰ
493 2957 617 3044 μαύρης
639 2960 767 3042 πέτρας,
793 2953 931 3043 ἐχούσης
954 2957 1129 3042 γράμματα
1156 2951 1264 3042 ὅμοια.
1292 2953 1362 3020 εἶτα
1376 2959 1553 3044 στρέφεται

271 3081 349 3167 πρὸς
372 3078 500 3167 ἄρκτον,
525 3091 649 3168 κρατῶν
673 3082 725 3145 τύν
750 3075 846 3145 αύτύν
870 3077 952 3164 ἀέρα
976 3077 1026 3145 ἐπί
1048 3079 1140 3159 πολύ,
1166 3077 1225 3144 ἐῶν
1249 3075 1400 3166 ἀριστερὰ
1423 3081 1480 3166 μέν
1505 3083 1553 3144 τὰ

272 3203 384 3269 δίκαια
408 3214 468 3270 τῶν
493 3203 685 3291 Σμυρναίων,
709 3203 798 3279 δεξιὰ
822 3205 861 3268 τὰ
876 3205 1127 3290 περιοριζόμενα.
1149 3201 1217 3268 εἶτα
1238 3201 1349 3290 ἐχεται
1369 3211 1425 3268 τού
1445 3197 1550 3267 αύτού

273 3325 369 3413 ἀέρος
393 3326 443 3394 ἐπί
465 3328 546 3393 πολύ
568 3332 625 3393 καὶ
650 3325 827 3415 ἀπέρχεται·
848 3331 943 3414 μέχρι
964 3330 1022 3392 καί
1044 3337 1104 3392 τῶν
1129 3325 1298 3416 χωραφίων
1319 3337 1378 3392 τύν
1403 3323 1549 3412 Τραχει-

272 3460 333 3516 νύν
360 3461 421 3516 τῶν
448 3452 660 3540 διαφερόντων
683 3452 726 3538 τῷ
752 3451 882 3539 Σμύρνιρ
904 3450 1039 3529 Μάντει,
1067 3459 1128 3515 τῶν
1154 3453 1212 3516 καί
1238 3451 1474 3538 πλησιαζόντων
1501 3451 1549 3537 τῷ

272 3571 375 3640 έκεῐσε
398 3579 622 3662 παρακειμένῳ
645 3576 779 3662 λιβαθίῳ
803 3577 925 3663 περκαὶ
947 3576 1061 3662 λακκιρ
1085 3571 1214 3654 ἐοικότι,
1240 3573 1273 3640 ἐν
1297 3573 1344 3649 οίς
1367 3577 1422 3640 καί
1446 3571 1548 3661 ἐστή-

273 3717 373 3785 σαμεν
400 3698 520 3787 στήλην
548 3700 603 3764 διὰ
636 3701 761 3786 μαύρης
787 3703 918 3785 πέτρας,
955 3699 1095 3786 έχουσαν
1129 3701 1303 3786 γράμματα
1336 3694 1441 3785 ύμοια
1478 3696 1548 3764 ἀπὸ

272 3825 388 3910 ταύτης
416 3822 528 3910 ἔχεται
561 3831 616 3889 τού
652 3818 749 3888 αύτού
779 3821 877 3909 ἀέρος
904 3829 959 3888 τού
986 3825 1064 3909 πρὸς
1090 3823 1214 3910 ἀυσμάς
1244 3821 1409 3897 ύάεύοντος
1431 3823 1550 3888 τούτου

272 3943 320 4037 ἐφ’
350 3946 470 4026 ίκανόν,
493 3957 618 4034 κρατῶν
641 3948 702 4034 τήν
724 3947 861 4013 παλαιύν
885 3944 974 4026 ὁδὸν,
999 3949 1056 4013 καί
1080 3945 1254 4035 ἀπέρχεται
1282 3951 1378 4034 μέχρι
1403 3949 1460 4012 καί
1487 3953 1549 4011 τοῦ

271 4069 373 4158 ἄκρου
400 4079 454 4138 τού
483 4069 716 4159 Ξηροτροχοίλη
751 4074 808 4136 καί
836 4081 891 4159 τῆς
919 4068 1025 4136 ἐκεῖσε
1052 4068 1291 4159 παρακειμένης
1310 4045 1454 4160 τάφρου,
1483 4067 1549 4135 ἐῶν

272 4193 421 4282 ἀριστερὰ
449 4200 506 4283 μέν
533 4199 574 4262 τά
601 4195 712 4260 δίκαια
741 4203 796 4260 τού
830 4193 961 4273 Μάντει,
995 4195 1083 4271 δεξιὰ
1111 4198 1152 4260 τὰ
1185 4197 1439 4281 τερτοριζύμενα.
1474 4193 1550 4261 εἶτα

169 4393 174 4416 ⁸
271 4324 464 4406 χαμματίίει
496 4321 574 4406 τρύς
608 4317 739 4406 ἀρκτον,
775 4319 887 4406 ἔχεται
921 4327 977 4383 τού
1012 4313 1108 4384 αύτού
1144 4316 1239 4404 ἀέρος
1275 4321 1332 4384 καί
1366 4316 1549 4405 ἀπέρχεται

271 4447 367 4531 μέχρι
394 4447 533 4532 καὶτῆς
560 4443 706 4517 παλαιᾶς
728 4439 804 4508 ἀύού
832 4451 888 4530 τής
915 4444 994 4529 πρύς
1023 4444 1076 4508 τάν
1102 4417 1479 4530 τύρχονάπερχομένης,
1511 4441 1547 4508 ἐν

270 4567 300 4656 η
328 4573 384 4633 καί
413 4565 593 4654 ἐστήσαμεν
622 4569 741 4656 στήλην
766 4571 967 4654 μαρμαρίνην
994 4567 1155 4644 πλατεῖαν,
1192 4569 1366 4654 γράμματα
1400 4565 1546 4654 ἔχουσαν

269 4689 376 4780 ὅμοια.
402 4691 465 4758 ἀπὸ
487 4693 602 4784 ταύτης
618 4689 784 4779 στρέφεται
808 4695 863 4756 καί
888 4687 985 4766 αὖθις
1008 4692 1084 4778 πρὸς
1108 4691 1242 4778 δυσμὰς,
1267 4691 1378 4778 ἔχεται
1402 4701 1457 4758 τού
1481 4687 1546 4756 αύ-
