<?xml version="1.0" encoding="UTF-8"?>
<!DOCTYPE html PUBLIC "-//W3C//DTD XHTML 1.0 Transitional//EN"
    "http://www.w3.org/TR/xhtml1/DTD/xhtml1-transitional.dtd">
<html xmlns="http://www.w3.org/1999/xhtml" xml:lang="en" lang="en">
 <head>
  <title>
</title>
<meta http-equiv="Content-Type" content="text/html;charset=utf-8" />
  <meta name='ocr-system' content='tesseract 3.04.00' />
  <meta name='ocr-capabilities' content='ocr_page ocr_carea ocr_par ocr_line ocrx_word'/>
</head>
<body>
  <div class='ocr_page' id='page_1' title='image "./actaetdiplomata04miklgoog_0392.png"; bbox 0 0 3168 5274; ppageno 0'>
   <div class='ocr_carea' id='block_1_1' title="bbox 1221 275 1281 340">
    <p class='ocr_par' dir='ltr' id='par_1_1' title="bbox 1221 275 1281 340">
     <span class='ocr_line' id='line_1_1' title="bbox 1221 275 1281 340; baseline -0.017 -2"><span class='ocrx_word' id='word_1_1' title='bbox 1221 275 1281 340; x_wconf 83' lang='lat'>301</span> 
     </span>
    </p>
   </div>
   <div class='ocr_carea' id='block_1_2' title="bbox 45 465 1287 1295">
    <p class='ocr_par' dir='ltr' id='par_1_2' title="bbox 45 465 1287 924">
     <span class='ocr_line' id='line_1_2' title="bbox 48 465 1284 555; baseline -0.004 -22"><span class='ocrx_word' id='word_1_2' title='bbox 48 467 105 555; x_wconf 74' lang='grc' dir='ltr'>τόση</span> <span class='ocrx_word' id='word_1_3' title='bbox 131 471 259 554; x_wconf 80' lang='grc' dir='ltr'>μόνιμον</span> <span class='ocrx_word' id='word_1_4' title='bbox 289 479 327 554; x_wconf 81' lang='grc' dir='ltr'>τη</span> <span class='ocrx_word' id='word_1_5' title='bbox 356 478 411 532; x_wconf 85' lang='grc' dir='ltr'>τού</span> <span class='ocrx_word' id='word_1_6' title='bbox 440 467 532 548; x_wconf 80' lang='grc' dir='ltr'>ἁγίου</span> <span class='ocrx_word' id='word_1_7' title='bbox 557 467 686 533; x_wconf 79' lang='grc' dir='ltr'>Παύλου</span> <span class='ocrx_word' id='word_1_8' title='bbox 710 479 792 554; x_wconf 77' lang='grc' dir='ltr'>μονῇ</span> <span class='ocrx_word' id='word_1_9' title='bbox 821 471 855 532; x_wconf 85' lang='grc' dir='ltr'>τό</span> <span class='ocrx_word' id='word_1_10' title='bbox 880 465 1050 553; x_wconf 86' lang='grc' dir='ltr'>ἐλεύθερον</span> <span class='ocrx_word' id='word_1_11' title='bbox 1080 465 1141 531; x_wconf 82' lang='grc' dir='ltr'>ἀπό</span> <span class='ocrx_word' id='word_1_12' title='bbox 1165 489 1197 530; x_wconf 89' lang='grc' dir='ltr'>τε</span> <span class='ocrx_word' id='word_1_13' title='bbox 1221 470 1284 530; x_wconf 91' lang='grc' dir='ltr'>πά-</span> 
     </span>
     <span class='ocr_line' id='line_1_3' title="bbox 45 587 1285 679; baseline -0.005 -21"><span class='ocrx_word' id='word_1_14' title='bbox 45 617 85 679; x_wconf 79' lang='grc' dir='ltr'>σης</span> <span class='ocrx_word' id='word_1_15' title='bbox 105 591 200 678; x_wconf 87' lang='grc' dir='ltr'>όίλλης</span> <span class='ocrx_word' id='word_1_16' title='bbox 223 592 380 678; x_wconf 74' lang='grc' dir='ltr'>δημοσίου</span> <span class='ocrx_word' id='word_1_17' title='bbox 404 595 511 678; x_wconf 87' lang='grc' dir='ltr'>χειρός</span> <span class='ocrx_word' id='word_1_18' title='bbox 534 596 590 656; x_wconf 83' lang='grc' dir='ltr'>καί</span> <span class='ocrx_word' id='word_1_19' title='bbox 614 601 669 678; x_wconf 83' lang='grc' dir='ltr'>τῆς</span> <span class='ocrx_word' id='word_1_20' title='bbox 693 601 753 656; x_wconf 88' lang='grc' dir='ltr'>τιῖιν</span> <span class='ocrx_word' id='word_1_21' title='bbox 768 602 1007 677; x_wconf 83' lang='grc' dir='ltr'>πατριαρχικυῖν</span> <span class='ocrx_word' id='word_1_22' title='bbox 1032 587 1175 677; x_wconf 74' lang='grc' dir='ltr'>ἐξάρχων</span> <span class='ocrx_word' id='word_1_23' title='bbox 1200 589 1285 654; x_wconf 82' lang='grc' dir='ltr'>τίσε-</span> 
     </span>
     <span class='ocr_line' id='line_1_4' title="bbox 46 708 1287 802; baseline -0.003 -23"><span class='ocrx_word' id='word_1_24' title='bbox 46 718 165 788; x_wconf 87' lang='grc' dir='ltr'>λεύσευς.</span> <span class='ocrx_word' id='word_1_25' title='bbox 190 715 244 778; x_wconf 88' lang='grc' dir='ltr'>διά</span> <span class='ocrx_word' id='word_1_26' title='bbox 266 737 314 778; x_wconf 87' lang='grc' dir='ltr'>τοι</span> <span class='ocrx_word' id='word_1_27' title='bbox 331 724 423 778; x_wconf 80' lang='grc' dir='ltr'>τοῦτο</span> <span class='ocrx_word' id='word_1_28' title='bbox 448 719 503 780; x_wconf 84' lang='grc' dir='ltr'><strong>καί</strong></span> <span class='ocrx_word' id='word_1_29' title='bbox 527 716 580 778; x_wconf 86' lang='grc' dir='ltr'>διὰ</span> <span class='ocrx_word' id='word_1_30' title='bbox 596 716 728 780; x_wconf 76' lang='grc' dir='ltr'>πλείονα</span> <span class='ocrx_word' id='word_1_31' title='bbox 744 715 799 800; x_wconf 80' lang='grc' dir='ltr'>την</span> <span class='ocrx_word' id='word_1_32' title='bbox 817 711 993 802; x_wconf 82' lang='grc' dir='ltr'>ἀσφάλειαν</span> <span class='ocrx_word' id='word_1_33' title='bbox 1018 725 1056 800; x_wconf 78' lang='grc' dir='ltr'>τη</span> <span class='ocrx_word' id='word_1_34' title='bbox 1081 711 1186 798; x_wconf 80' lang='grc' dir='ltr'>οίκείογ</span> <span class='ocrx_word' id='word_1_35' title='bbox 1209 708 1287 778; x_wconf 86' lang='grc' dir='ltr'>ύπο-</span> 
     </span>
     <span class='ocr_line' id='line_1_5' title="bbox 46 833 524 924; baseline 0.002 -23"><span class='ocrx_word' id='word_1_36' title='bbox 46 849 126 924; x_wconf 78' lang='grc' dir='ltr'>γραφη</span> <span class='ocrx_word' id='word_1_37' title='bbox 149 833 370 924; x_wconf 81' lang='grc' dir='ltr'>ύπεσημήνατο</span> <span class='ocrx_word' id='word_1_38' title='bbox 396 838 524 914; x_wconf 78' lang='grc' dir='ltr'>ἔξωθεν.</span> 
     </span>
    </p>

    <p class='ocr_par' dir='ltr' id='par_1_3' title="bbox 50 958 1286 1295">
     <span class='ocr_line' id='line_1_6' title="bbox 110 958 1285 1050; baseline -0.003 -24"><span class='ocrx_word' id='word_1_39' title='bbox 110 961 216 1048; x_wconf 84' lang='grc' dir='ltr'>Εἶχε</span> <span class='ocrx_word' id='word_1_40' title='bbox 251 958 271 1048; x_wconf 82' lang='grc' dir='ltr'>ἡ</span> <span class='ocrx_word' id='word_1_41' title='bbox 310 973 522 1047; x_wconf 84' lang='grc' dir='ltr'>παροῦσα</span> <span class='ocrx_word' id='word_1_42' title='bbox 560 963 883 1048; x_wconf 80' lang='grc' dir='ltr'>πατριαρχικη</span> <span class='ocrx_word' id='word_1_43' title='bbox 923 964 1072 1050; x_wconf 80' lang='grc' dir='ltr'>γραφη</span> <span class='ocrx_word' id='word_1_44' title='bbox 1111 963 1189 1024; x_wconf 88' lang='grc' dir='ltr'>καί</span> <span class='ocrx_word' id='word_1_45' title='bbox 1228 963 1285 1022; x_wconf 90' lang='grc' dir='ltr'>τό·</span> 
     </span>
     <span class='ocr_line' id='line_1_7' title="bbox 50 1085 1286 1172; baseline -0.002 -25"><span class='ocrx_word' id='word_1_46' title='bbox 50 1091 130 1170; x_wconf 82' lang='grc' dir='ltr'>μηνί</span> <span class='ocrx_word' id='word_1_47' title='bbox 157 1085 398 1171; x_wconf 84' lang='grc' dir='ltr'>δκτιυβρίῳ</span> <span class='ocrx_word' id='word_1_48' title='bbox 425 1085 505 1152; x_wconf 83' lang='grc' dir='ltr'>ίνδ.</span> <span class='ocrx_word' id='word_1_49' title='bbox 536 1085 558 1150; x_wconf 81' lang='grc' dir='ltr'>ε’</span> <span class='ocrx_word' id='word_1_50' title='bbox 585 1087 661 1150; x_wconf 83' lang='grc' dir='ltr'>διὰ</span> <span class='ocrx_word' id='word_1_51' title='bbox 688 1094 766 1172; x_wconf 84' lang='grc' dir='ltr'>τῆς</span> <span class='ocrx_word' id='word_1_52' title='bbox 800 1092 1158 1170; x_wconf 86' lang='grc' dir='ltr'>πατριαρχικης</span> <span class='ocrx_word' id='word_1_53' title='bbox 1185 1101 1286 1148; x_wconf 89' lang='grc' dir='ltr'>παν-</span> 
     </span>
     <span class='ocr_line' id='line_1_8' title="bbox 50 1209 1046 1295; baseline 0.003 -26"><span class='ocrx_word' id='word_1_54' title='bbox 50 1209 1046 1295; x_wconf 83' lang='grc' dir='ltr'>ιέρυυχειρόςκαίβούλλαντήνδιόικηρού.</span> 
     </span>
    </p>
   </div>
   <div class='ocr_carea' id='block_1_3' title="bbox 265 1417 1040 1508">
    <p class='ocr_par' dir='ltr' id='par_1_4' title="bbox 265 1417 1040 1508">
     <span class='ocr_line' id='line_1_9' title="bbox 265 1417 1040 1508; baseline 0.001 -25"><span class='ocrx_word' id='word_1_55' title='bbox 265 1417 315 1484; x_wconf 85' lang='lat' dir='ltr'>lv.</span> <span class='ocrx_word' id='word_1_56' title='bbox 334 1419 564 1498; x_wconf 73' lang='grc'><strong>6744-1235,</strong></span> <span class='ocrx_word' id='word_1_57' title='bbox 583 1439 691 1486; x_wconf 81' lang='lat' dir='ltr'><strong>menso</strong></span> <span class='ocrx_word' id='word_1_58' title='bbox 706 1419 888 1508; x_wconf 79' lang='lat' dir='ltr'>septembri,</span> <span class='ocrx_word' id='word_1_59' title='bbox 907 1419 972 1484; x_wconf 89' lang='lat' dir='ltr'>ind.</span> <span class='ocrx_word' id='word_1_60' title='bbox 990 1417 1040 1485; x_wconf 87' lang='lat' dir='ltr'>IX.</span> 
     </span>
    </p>
   </div>
   <div class='ocr_carea' id='block_1_4' title="bbox 47 1565 1285 1640">
    <p class='ocr_par' dir='ltr' id='par_1_5' title="bbox 47 1565 1285 1640">
     <span class='ocr_line' id='line_1_10' title="bbox 47 1565 1285 1640; baseline 0.002 -22"><span class='ocrx_word' id='word_1_61' title='bbox 47 1565 195 1621; x_wconf 77' lang='grc' dir='ltr'>Ρσῖιίιιιτία</span> <span class='ocrx_word' id='word_1_62' title='bbox 212 1565 374 1622; x_wconf 70' lang='lat' dir='ltr'>Germanus</span> <span class='ocrx_word' id='word_1_63' title='bbox 395 1567 439 1626; x_wconf 88' lang='lat' dir='ltr'>ll.</span> <span class='ocrx_word' id='word_1_64' title='bbox 461 1567 610 1640; x_wconf 73' lang='lat' dir='ltr'><strong><em>Nauplius</em></strong></span> <span class='ocrx_word' id='word_1_65' title='bbox 636 1569 766 1624; x_wconf 69' lang='grc' dir='ltr'>ἀτοίανοῖ</span> <span class='ocrx_word' id='word_1_66' title='bbox 785 1569 987 1624; x_wconf 69' lang='lat' dir='ltr'>monasterium</span> <span class='ocrx_word' id='word_1_67' title='bbox 1002 1577 1156 1640; x_wconf 78' lang='grc' dir='ltr'>επεοιρῖιιρε</span> <span class='ocrx_word' id='word_1_68' title='bbox 1178 1585 1235 1622; x_wconf 76' lang='grc' dir='ltr'>εισι</span> <span class='ocrx_word' id='word_1_69' title='bbox 1251 1567 1285 1620; x_wconf 77' lang='lat' dir='ltr'>de</span> 
     </span>
    </p>
   </div>
   <div class='ocr_carea' id='block_1_5' title="bbox 424 1693 876 1764">
    <p class='ocr_par' dir='ltr' id='par_1_6' title="bbox 424 1693 876 1764">
     <span class='ocr_line' id='line_1_11' title="bbox 424 1693 876 1764; baseline 0.007 -17"><span class='ocrx_word' id='word_1_70' title='bbox 424 1703 562 1764; x_wconf 66' lang='lat' dir='ltr'><em>potentatu</em></span> <span class='ocrx_word' id='word_1_71' title='bbox 577 1693 654 1746; x_wconf 78' lang='lat' dir='ltr'><strong><em>civili</em></strong></span> <span class='ocrx_word' id='word_1_72' title='bbox 669 1703 695 1748; x_wconf 76' lang='grc' dir='ltr'>εί</span> <span class='ocrx_word' id='word_1_73' title='bbox 710 1693 876 1764; x_wconf 64' lang='lat' dir='ltr'>episcopali.</span> 
     </span>
    </p>
   </div>
   <div class='ocr_carea' id='block_1_6' title="bbox 22 1823 1308 4630">
    <p class='ocr_par' dir='ltr' id='par_1_7' title="bbox 22 1823 1308 2290">
     <span class='ocr_line' id='line_1_12' title="bbox 112 1823 1285 1910; baseline -0.002 -22"><span class='ocrx_word' id='word_1_74' title='bbox 112 1823 349 1910; x_wconf 85' lang='grc' dir='ltr'>Γερμανσιῖ</span> <span class='ocrx_word' id='word_1_75' title='bbox 389 1835 465 1888; x_wconf 83' lang='grc' dir='ltr'>τσιῖ</span> <span class='ocrx_word' id='word_1_76' title='bbox 505 1823 771 1904; x_wconf 81' lang='grc' dir='ltr'>ἁγιωτάτου</span> <span class='ocrx_word' id='word_1_77' title='bbox 805 1829 1103 1910; x_wconf 78' lang='grc' dir='ltr'>πατριάρχου</span> <span class='ocrx_word' id='word_1_78' title='bbox 1138 1825 1285 1902; x_wconf 91' lang='grc' dir='ltr'>σιγίλ-</span> 
     </span>
     <span class='ocr_line' id='line_1_13' title="bbox 49 1944 1308 2035; baseline 0.002 -26"><span class='ocrx_word' id='word_1_79' title='bbox 49 1944 398 2035; x_wconf 86' lang='grc' dir='ltr'>λιονόπόμνημα,</span> <span class='ocrx_word' id='word_1_80' title='bbox 427 1949 766 2033; x_wconf 78' lang='grc' dir='ltr'>διοριίόμενον</span> <span class='ocrx_word' id='word_1_81' title='bbox 795 1945 1187 2032; x_wconf 84' lang='grc' dir='ltr'>είναιτόνΠορόν</span> <span class='ocrx_word' id='word_1_82' title='bbox 1212 1969 1308 2030; x_wconf 87' lang='grc' dir='ltr'>με-,</span> 
     </span>
     <span class='ocr_line' id='line_1_14' title="bbox 50 2067 1287 2160; baseline 0.001 -28"><span class='ocrx_word' id='word_1_83' title='bbox 50 2075 174 2136; x_wconf 78' lang='grc' dir='ltr'>τίτιῖν</span> <span class='ocrx_word' id='word_1_84' title='bbox 199 2070 663 2160; x_wconf 84' lang='grc' dir='ltr'>αύτῳδιαφερόνπυιν</span> <span class='ocrx_word' id='word_1_85' title='bbox 692 2067 1015 2158; x_wconf 84' lang='grc' dir='ltr'>ἀνενόχλητυν</span> <span class='ocrx_word' id='word_1_86' title='bbox 1044 2070 1195 2135; x_wconf 86' lang='grc' dir='ltr'>άπότε</span> <span class='ocrx_word' id='word_1_87' title='bbox 1220 2069 1287 2154; x_wconf 83' lang='grc' dir='ltr'>ἀρ-</span> 
     </span>
     <span class='ocr_line' id='line_1_15' title="bbox 22 2195 1102 2290; baseline 0.001 -32"><span class='ocrx_word' id='word_1_88' title='bbox 22 2197 567 2290; x_wconf 47' lang='grc' dir='ltr'>Ξχοντικηςδυνυτστείας,</span> <span class='ocrx_word' id='word_1_89' title='bbox 592 2195 744 2261; x_wconf 87' lang='grc' dir='ltr'>ἀπότε</span> <span class='ocrx_word' id='word_1_90' title='bbox 770 2198 1102 2280; x_wconf 79' lang='grc' dir='ltr'>έπισκοπικῆς.</span> 
     </span>
    </p>

    <p class='ocr_par' dir='ltr' id='par_1_8' title="bbox 22 2303 1289 4630">
     <span class='ocr_line' id='line_1_16' title="bbox 22 2316 1286 2407; baseline -0.003 -23"><span class='ocrx_word' id='word_1_91' title='bbox 22 2373 24 2400; x_wconf 49' lang='grc' dir='ltr'>γ</span> <span class='ocrx_word' id='word_1_92' title='bbox 114 2319 332 2406; x_wconf 85' lang='grc' dir='ltr'>Παμαινοῦμεν</span> <span class='ocrx_word' id='word_1_93' title='bbox 356 2331 433 2385; x_wconf 89' lang='grc' dir='ltr'>πάσι</span> <span class='ocrx_word' id='word_1_94' title='bbox 456 2333 521 2394; x_wconf 89' lang='grc' dir='ltr'>τοῖς</span> <span class='ocrx_word' id='word_1_95' title='bbox 545 2323 587 2406; x_wconf 84' lang='grc' dir='ltr'>τῷ</span> <span class='ocrx_word' id='word_1_96' title='bbox 612 2323 743 2406; x_wconf 75' lang='grc' dir='ltr'>παρόντι</span> <span class='ocrx_word' id='word_1_97' title='bbox 770 2317 858 2407; x_wconf 82' lang='grc' dir='ltr'>ἡμῶν</span> <span class='ocrx_word' id='word_1_98' title='bbox 889 2317 1115 2404; x_wconf 75' lang='grc' dir='ltr'>ἐντυγχάνουσι</span> <span class='ocrx_word' id='word_1_99' title='bbox 1143 2316 1286 2400; x_wconf 87' lang='grc' dir='ltr'>σιγιλλίῳ</span> 
     </span>
     <span class='ocr_line' id='line_1_17' title="bbox 22 2409 1288 2530; baseline 0 -27"><span class='ocrx_word' id='word_1_100' title='bbox 22 2409 23 2430; x_wconf 32' lang='lat'><strong>³</strong></span> <span class='ocrx_word' id='word_1_101' title='bbox 50 2443 190 2518; x_wconf 71' lang='grc' dir='ltr'>πολιτικοῖς</span> <span class='ocrx_word' id='word_1_102' title='bbox 215 2443 422 2530; x_wconf 81' lang='grc' dir='ltr'>ἄρχουσικαὶ</span> <span class='ocrx_word' id='word_1_103' title='bbox 447 2445 727 2530; x_wconf 77' lang='grc' dir='ltr'>ἐκκλησιαστικαῖς</span> <span class='ocrx_word' id='word_1_104' title='bbox 743 2447 931 2530; x_wconf 76' lang='grc' dir='ltr'>προσείποις,</span> <span class='ocrx_word' id='word_1_105' title='bbox 958 2443 1079 2528; x_wconf 91' lang='grc' dir='ltr'>μηδένα</span> <span class='ocrx_word' id='word_1_106' title='bbox 1104 2451 1162 2505; x_wconf 80' lang='grc' dir='ltr'>τῶν</span> <span class='ocrx_word' id='word_1_107' title='bbox 1187 2438 1288 2506; x_wconf 78' lang='grc' dir='ltr'>ἁπάν-</span> 
     </span>
     <span class='ocr_line' id='line_1_18' title="bbox 22 2563 1289 2663; baseline 0.002 -38"><span class='ocrx_word' id='word_1_108' title='bbox 22 2583 23 2663; x_wconf 67' lang='grc' dir='ltr'>η</span> <span class='ocrx_word' id='word_1_109' title='bbox 52 2588 90 2628; x_wconf 83' lang='grc' dir='ltr'>τοι</span> <span class='ocrx_word' id='word_1_110' title='bbox 113 2573 316 2653; x_wconf 69' lang='grc' dir='ltr'>καινοτομίαν</span> <span class='ocrx_word' id='word_1_111' title='bbox 344 2566 363 2654; x_wconf 74' lang='grc' dir='ltr'>ἢ</span> <span class='ocrx_word' id='word_1_112' title='bbox 394 2569 516 2656; x_wconf 81' lang='grc' dir='ltr'>βλάβην</span> <span class='ocrx_word' id='word_1_113' title='bbox 546 2566 565 2655; x_wconf 74' lang='grc' dir='ltr'><strong>ἢ</strong></span> <span class='ocrx_word' id='word_1_114' title='bbox 595 2569 650 2654; x_wconf 80' lang='grc' dir='ltr'>την</span> <span class='ocrx_word' id='word_1_115' title='bbox 679 2576 839 2654; x_wconf 85' lang='grc' dir='ltr'>τυχοῦσαν</span> <span class='ocrx_word' id='word_1_116' title='bbox 875 2565 1022 2653; x_wconf 78' lang='grc' dir='ltr'>ἐπήρειαν</span> <span class='ocrx_word' id='word_1_117' title='bbox 1050 2564 1221 2644; x_wconf 71' lang='grc' dir='ltr'>ἐπαγαγεῖν</span> <span class='ocrx_word' id='word_1_118' title='bbox 1247 2563 1289 2650; x_wconf 80' lang='grc' dir='ltr'>τῳ</span> 
     </span>
     <span class='ocr_line' id='line_1_19' title="bbox 50 2687 1283 2778; baseline -0.001 -28"><span class='ocrx_word' id='word_1_119' title='bbox 50 2695 109 2773; x_wconf 66' lang='lat' dir='ltr'>:api</span> <span class='ocrx_word' id='word_1_120' title='bbox 132 2703 183 2757; x_wconf 82' lang='grc' dir='ltr'>τού</span> <span class='ocrx_word' id='word_1_121' title='bbox 214 2696 328 2777; x_wconf 87' lang='grc' dir='ltr'>μέρους</span> <span class='ocrx_word' id='word_1_122' title='bbox 356 2701 413 2778; x_wconf 76' lang='grc' dir='ltr'>τῆς</span> <span class='ocrx_word' id='word_1_123' title='bbox 449 2701 545 2778; x_wconf 78' lang='grc' dir='ltr'>μονῆς</span> <span class='ocrx_word' id='word_1_124' title='bbox 573 2701 628 2756; x_wconf 82' lang='grc' dir='ltr'>τοῦ</span> <span class='ocrx_word' id='word_1_125' title='bbox 665 2689 756 2769; x_wconf 84' lang='grc' dir='ltr'>ἁγίου</span> <span class='ocrx_word' id='word_1_126' title='bbox 791 2690 921 2756; x_wconf 82' lang='grc' dir='ltr'>Παύλου</span> <span class='ocrx_word' id='word_1_127' title='bbox 949 2699 1004 2776; x_wconf 83' lang='grc' dir='ltr'>τῆς</span> <span class='ocrx_word' id='word_1_128' title='bbox 1034 2689 1066 2753; x_wconf 89' lang='grc' dir='ltr'>ἐν</span> <span class='ocrx_word' id='word_1_129' title='bbox 1095 2689 1138 2774; x_wconf 82' lang='grc' dir='ltr'>τῳ</span> <span class='ocrx_word' id='word_1_130' title='bbox 1165 2687 1283 2770; x_wconf 80' lang='grc' dir='ltr'>Λάτμῳ</span> 
     </span>
     <span class='ocr_line' id='line_1_20' title="bbox 52 2807 1283 2902; baseline 0.002 -30"><span class='ocrx_word' id='word_1_131' title='bbox 52 2819 243 2902; x_wconf 72' lang='grc' dir='ltr'>ιιινιίομένης</span> <span class='ocrx_word' id='word_1_132' title='bbox 267 2811 422 2900; x_wconf 88' lang='grc' dir='ltr'>εύκτηρίῳ</span> <span class='ocrx_word' id='word_1_133' title='bbox 440 2813 517 2899; x_wconf 82' lang='grc' dir='ltr'>οἴκῳ</span> <span class='ocrx_word' id='word_1_134' title='bbox 542 2813 586 2887; x_wconf 84' lang='grc' dir='ltr'>είς</span> <span class='ocrx_word' id='word_1_135' title='bbox 610 2811 711 2900; x_wconf 87' lang='grc' dir='ltr'>ὄνομα</span> <span class='ocrx_word' id='word_1_136' title='bbox 735 2823 790 2900; x_wconf 82' lang='grc' dir='ltr'>της</span> <span class='ocrx_word' id='word_1_137' title='bbox 807 2809 978 2899; x_wconf 86' lang='grc' dir='ltr'>ύπεραγίας</span> <span class='ocrx_word' id='word_1_138' title='bbox 1002 2813 1171 2898; x_wconf 76' lang='grc' dir='ltr'>δεσποίνης</span> <span class='ocrx_word' id='word_1_139' title='bbox 1194 2807 1283 2896; x_wconf 82' lang='grc' dir='ltr'>ἠμιῖν</span> 
     </span>
     <span class='ocr_line' id='line_1_21' title="bbox 23 2930 1282 3026; baseline 0.001 -30"><span class='ocrx_word' id='word_1_140' title='bbox 23 3009 24 3012; x_wconf 9' lang='lat'>¹</span> <span class='ocrx_word' id='word_1_141' title='bbox 52 2937 176 3002; x_wconf 83' lang='grc' dir='ltr'>θεοτόκοο</span> <span class='ocrx_word' id='word_1_142' title='bbox 199 2947 256 3024; x_wconf 69' lang='grc' dir='ltr'>τῆς</span> <span class='ocrx_word' id='word_1_143' title='bbox 281 2938 512 3025; x_wconf 83' lang='grc' dir='ltr'>Στυλιιυτίσσης</span> <span class='ocrx_word' id='word_1_144' title='bbox 537 2937 568 3002; x_wconf 81' lang='grc' dir='ltr'>ἐν</span> <span class='ocrx_word' id='word_1_145' title='bbox 593 2941 635 3024; x_wconf 84' lang='grc' dir='ltr'>τῳ</span> <span class='ocrx_word' id='word_1_146' title='bbox 659 2941 796 3026; x_wconf 92' lang='grc' dir='ltr'>μετοχίῳ</span> <span class='ocrx_word' id='word_1_147' title='bbox 824 2947 879 3024; x_wconf 81' lang='grc' dir='ltr'>τῆς</span> <span class='ocrx_word' id='word_1_148' title='bbox 904 2933 1001 3022; x_wconf 81' lang='grc' dir='ltr'>αὐτῆς</span> <span class='ocrx_word' id='word_1_149' title='bbox 1029 2945 1127 3022; x_wconf 82' lang='grc' dir='ltr'>μονῆς</span> <span class='ocrx_word' id='word_1_150' title='bbox 1155 2937 1198 3020; x_wconf 82' lang='grc' dir='ltr'>τῳ</span> <span class='ocrx_word' id='word_1_151' title='bbox 1225 2930 1282 2998; x_wconf 85' lang='grc' dir='ltr'>ού-</span> 
     </span>
     <span class='ocr_line' id='line_1_22' title="bbox 52 3055 1284 3147; baseline 0.001 -27"><span class='ocrx_word' id='word_1_152' title='bbox 52 3079 91 3131; x_wconf 83' lang='grc' dir='ltr'>τος</span> <span class='ocrx_word' id='word_1_153' title='bbox 119 3059 378 3147; x_wconf 75' lang='grc' dir='ltr'>ἐπυνυμαίομένῳ</span> <span class='ocrx_word' id='word_1_154' title='bbox 413 3061 520 3146; x_wconf 84' lang='grc' dir='ltr'>Ποροό</span> <span class='ocrx_word' id='word_1_155' title='bbox 556 3063 610 3126; x_wconf 83' lang='grc' dir='ltr'>διὰ</span> <span class='ocrx_word' id='word_1_156' title='bbox 649 3066 882 3147; x_wconf 89' lang='grc' dir='ltr'>σταυρσπηγίοο</span> <span class='ocrx_word' id='word_1_157' title='bbox 919 3067 1150 3146; x_wconf 83' lang='grc' dir='ltr'>πατριαρχικού</span> <span class='ocrx_word' id='word_1_158' title='bbox 1184 3055 1205 3144; x_wconf 80' lang='grc' dir='ltr'><strong>ἢ</strong></span> <span class='ocrx_word' id='word_1_159' title='bbox 1241 3057 1284 3142; x_wconf 84' lang='grc' dir='ltr'>τῳ</span> 
     </span>
     <span class='ocr_line' id='line_1_23' title="bbox 52 3180 1281 3272; baseline 0.002 -30"><span class='ocrx_word' id='word_1_160' title='bbox 52 3183 165 3260; x_wconf 77' lang='grc' dir='ltr'>μέλλοντι</span> <span class='ocrx_word' id='word_1_161' title='bbox 192 3187 451 3271; x_wconf 83' lang='grc' dir='ltr'>προσκαθῆσθαι</span> <span class='ocrx_word' id='word_1_162' title='bbox 486 3184 517 3249; x_wconf 89' lang='grc' dir='ltr'>ἐν</span> <span class='ocrx_word' id='word_1_163' title='bbox 546 3187 588 3272; x_wconf 82' lang='grc' dir='ltr'>τῳ</span> <span class='ocrx_word' id='word_1_164' title='bbox 614 3187 744 3268; x_wconf 83' lang='grc' dir='ltr'>τοιούτῳ</span> <span class='ocrx_word' id='word_1_165' title='bbox 772 3183 837 3270; x_wconf 83' lang='grc' dir='ltr'>ναῳ</span> <span class='ocrx_word' id='word_1_166' title='bbox 870 3189 925 3250; x_wconf 83' lang='grc' dir='ltr'>καί</span> <span class='ocrx_word' id='word_1_167' title='bbox 953 3182 1121 3270; x_wconf 75' lang='grc' dir='ltr'>ἱερουργεῖν</span> <span class='ocrx_word' id='word_1_168' title='bbox 1156 3181 1231 3268; x_wconf 83' lang='grc' dir='ltr'>ίερεῖ</span> <span class='ocrx_word' id='word_1_169' title='bbox 1261 3180 1281 3270; x_wconf 78' lang='grc' dir='ltr'><strong>ἢ</strong></span> 
     </span>
     <span class='ocr_line' id='line_1_24' title="bbox 52 3306 1281 3396; baseline -0.002 -21"><span class='ocrx_word' id='word_1_170' title='bbox 52 3315 94 3375; x_wconf 69' lang='grc' dir='ltr'>ῑῖῐς</span> <span class='ocrx_word' id='word_1_171' title='bbox 112 3309 318 3396; x_wconf 83' lang='grc' dir='ltr'>κληρονόμοις</span> <span class='ocrx_word' id='word_1_172' title='bbox 342 3313 397 3373; x_wconf 92' lang='grc' dir='ltr'>καί</span> <span class='ocrx_word' id='word_1_173' title='bbox 421 3309 586 3396; x_wconf 85' lang='grc' dir='ltr'>διαδόχοις</span> <span class='ocrx_word' id='word_1_174' title='bbox 610 3319 664 3374; x_wconf 86' lang='grc' dir='ltr'>τού</span> <span class='ocrx_word' id='word_1_175' title='bbox 688 3309 866 3395; x_wconf 79' lang='grc' dir='ltr'>δομήτορος</span> <span class='ocrx_word' id='word_1_176' title='bbox 893 3311 985 3394; x_wconf 86' lang='grc' dir='ltr'>χάριν</span> <span class='ocrx_word' id='word_1_177' title='bbox 1003 3306 1194 3391; x_wconf 70' lang='grc' dir='ltr'>εἰσπράξεως</span> <span class='ocrx_word' id='word_1_178' title='bbox 1218 3329 1281 3372; x_wconf 90' lang='grc' dir='ltr'>κα-</span> 
     </span>
     <span class='ocr_line' id='line_1_25' title="bbox 51 3425 1280 3520; baseline 0.005 -31"><span class='ocrx_word' id='word_1_179' title='bbox 51 3439 145 3516; x_wconf 77' lang='grc' dir='ltr'>νονικῆς</span> <span class='ocrx_word' id='word_1_180' title='bbox 167 3431 187 3520; x_wconf 73' lang='grc' dir='ltr'>ἢ</span> <span class='ocrx_word' id='word_1_181' title='bbox 211 3444 276 3506; x_wconf 91' lang='grc' dir='ltr'>τοῖς</span> <span class='ocrx_word' id='word_1_182' title='bbox 301 3425 385 3518; x_wconf 83' lang='grc' dir='ltr'>πότῳ</span> <span class='ocrx_word' id='word_1_183' title='bbox 410 3431 611 3520; x_wconf 77' lang='grc' dir='ltr'>διαφέρουσιν</span> <span class='ocrx_word' id='word_1_184' title='bbox 634 3431 655 3520; x_wconf 78' lang='grc' dir='ltr'><strong>ἢ</strong></span> <span class='ocrx_word' id='word_1_185' title='bbox 680 3445 743 3505; x_wconf 90' lang='grc' dir='ltr'>τοῖς</span> <span class='ocrx_word' id='word_1_186' title='bbox 770 3434 911 3518; x_wconf 81' lang='grc' dir='ltr'>κτήμασι</span> <span class='ocrx_word' id='word_1_187' title='bbox 940 3441 994 3496; x_wconf 85' lang='grc' dir='ltr'>τοῦ</span> <span class='ocrx_word' id='word_1_188' title='bbox 1019 3439 1106 3495; x_wconf 85' lang='grc' dir='ltr'>ναοῦ·</span> <span class='ocrx_word' id='word_1_189' title='bbox 1131 3432 1193 3517; x_wconf 77' lang='grc' dir='ltr'>χρὴ</span> <span class='ocrx_word' id='word_1_190' title='bbox 1219 3435 1280 3518; x_wconf 86' lang='grc' dir='ltr'>γάρ</span> 
     </span>
     <span class='ocr_line' id='line_1_26' title="bbox 52 3551 1281 3642; baseline 0.006 -29"><span class='ocrx_word' id='word_1_191' title='bbox 52 3551 86 3612; x_wconf 81' lang='grc' dir='ltr'>τόν</span> <span class='ocrx_word' id='word_1_192' title='bbox 107 3552 134 3617; x_wconf 81' lang='grc' dir='ltr'>ἐν</span> <span class='ocrx_word' id='word_1_193' title='bbox 160 3553 245 3640; x_wconf 82' lang='grc' dir='ltr'>αότῳ</span> <span class='ocrx_word' id='word_1_194' title='bbox 272 3553 492 3642; x_wconf 82' lang='grc' dir='ltr'>ἱερουργοῦντα</span> <span class='ocrx_word' id='word_1_195' title='bbox 521 3553 607 3641; x_wconf 86' lang='grc' dir='ltr'>ίερία</span> <span class='ocrx_word' id='word_1_196' title='bbox 635 3557 689 3641; x_wconf 77' lang='grc' dir='ltr'>την</span> <span class='ocrx_word' id='word_1_197' title='bbox 713 3556 923 3642; x_wconf 76' lang='grc' dir='ltr'>πνευματικὴν</span> <span class='ocrx_word' id='word_1_198' title='bbox 953 3554 1152 3620; x_wconf 79' lang='grc' dir='ltr'>ἀκολουθίαν</span> <span class='ocrx_word' id='word_1_199' title='bbox 1182 3552 1281 3641; x_wconf 83' lang='grc' dir='ltr'>ἀνεμ-</span> 
     </span>
     <span class='ocr_line' id='line_1_27' title="bbox 52 3675 1281 3766; baseline 0.01 -34"><span class='ocrx_word' id='word_1_200' title='bbox 52 3675 171 3752; x_wconf 72' lang='grc' dir='ltr'>ποδίστως</span> <span class='ocrx_word' id='word_1_201' title='bbox 194 3681 356 3744; x_wconf 89' lang='grc' dir='ltr'>ποιεῖσθαι</span> <span class='ocrx_word' id='word_1_202' title='bbox 372 3682 427 3744; x_wconf 90' lang='grc' dir='ltr'>καί</span> <span class='ocrx_word' id='word_1_203' title='bbox 451 3681 495 3766; x_wconf 93' lang='grc' dir='ltr'>μη’</span> <span class='ocrx_word' id='word_1_204' title='bbox 519 3699 605 3752; x_wconf 88' lang='grc' dir='ltr'>τινας</span> <span class='ocrx_word' id='word_1_205' title='bbox 622 3675 773 3765; x_wconf 81' lang='grc' dir='ltr'>όχλήσεις</span> <span class='ocrx_word' id='word_1_206' title='bbox 797 3689 856 3742; x_wconf 84' lang='grc' dir='ltr'>τῶν</span> <span class='ocrx_word' id='word_1_207' title='bbox 880 3688 1044 3765; x_wconf 85' lang='grc' dir='ltr'>κυσμικῶν</span> <span class='ocrx_word' id='word_1_208' title='bbox 1061 3675 1281 3764; x_wconf 85' lang='grc' dir='ltr'>ἐπιδέχεσθαι,</span> 
     </span>
     <span class='ocr_line' id='line_1_28' title="bbox 54 3793 1280 3890; baseline 0 -24"><span class='ocrx_word' id='word_1_209' title='bbox 54 3793 99 3860; x_wconf 57' lang='lat' dir='ltr'>&#39;M&#39;</span> <span class='ocrx_word' id='word_1_210' title='bbox 118 3800 221 3868; x_wconf 81' lang='grc' dir='ltr'>ἄνετον</span> <span class='ocrx_word' id='word_1_211' title='bbox 245 3803 519 3890; x_wconf 80' lang='grc' dir='ltr'>διαφυλάττεσθαι</span> <span class='ocrx_word' id='word_1_212' title='bbox 542 3807 598 3868; x_wconf 89' lang='grc' dir='ltr'>καί</span> <span class='ocrx_word' id='word_1_213' title='bbox 622 3800 856 3889; x_wconf 84' lang='grc' dir='ltr'>ἀνεπηρέαστον</span> <span class='ocrx_word' id='word_1_214' title='bbox 872 3803 1095 3890; x_wconf 83' lang='grc' dir='ltr'>διατηρεῖσθαι</span> <span class='ocrx_word' id='word_1_215' title='bbox 1118 3812 1178 3865; x_wconf 78' lang='grc' dir='ltr'>τῶν</span> <span class='ocrx_word' id='word_1_216' title='bbox 1203 3803 1280 3886; x_wconf 87' lang='grc' dir='ltr'>βιιυ·</span> 
     </span>
     <span class='ocr_line' id='line_1_29' title="bbox 53 3921 1280 4011; baseline 0.005 -29"><span class='ocrx_word' id='word_1_217' title='bbox 53 3931 118 3984; x_wconf 85' lang='grc' dir='ltr'>τικυῖν</span> <span class='ocrx_word' id='word_1_218' title='bbox 137 3929 346 4011; x_wconf 83' lang='grc' dir='ltr'>περιστάσεων</span> <span class='ocrx_word' id='word_1_219' title='bbox 370 3925 408 3990; x_wconf 82' lang='grc' dir='ltr'>ἔκ</span> <span class='ocrx_word' id='word_1_220' title='bbox 432 3949 465 3990; x_wconf 90' lang='grc' dir='ltr'>τε</span> <span class='ocrx_word' id='word_1_221' title='bbox 489 3937 549 3991; x_wconf 83' lang='grc' dir='ltr'>τῶν</span> <span class='ocrx_word' id='word_1_222' title='bbox 573 3925 677 3991; x_wconf 80' lang='grc' dir='ltr'>ἄλλων</span> <span class='ocrx_word' id='word_1_223' title='bbox 700 3929 757 3990; x_wconf 89' lang='grc' dir='ltr'>καί</span> <span class='ocrx_word' id='word_1_224' title='bbox 781 3921 878 3990; x_wconf 87' lang='grc' dir='ltr'>αύτού</span> <span class='ocrx_word' id='word_1_225' title='bbox 902 3935 956 3990; x_wconf 86' lang='grc' dir='ltr'>τού</span> <span class='ocrx_word' id='word_1_226' title='bbox 980 3928 1064 3990; x_wconf 83' lang='grc' dir='ltr'>κατὰ</span> <span class='ocrx_word' id='word_1_227' title='bbox 1087 3928 1195 4011; x_wconf 81' lang='grc' dir='ltr'>χώραν</span> <span class='ocrx_word' id='word_1_228' title='bbox 1220 3921 1280 4008; x_wconf 80' lang='grc' dir='ltr'>ἀρ·</span> 
     </span>
     <span class='ocr_line' id='line_1_30' title="bbox 55 4046 1279 4136; baseline 0.002 -28"><span class='ocrx_word' id='word_1_229' title='bbox 55 4051 150 4126; x_wconf 77' lang='grc' dir='ltr'>γιιρέας</span> <span class='ocrx_word' id='word_1_230' title='bbox 175 4050 331 4136; x_wconf 81' lang='grc' dir='ltr'>μηδαμῶς</span> <span class='ocrx_word' id='word_1_231' title='bbox 359 4048 502 4135; x_wconf 89' lang='grc' dir='ltr'>ἐνοχλεῖν</span> <span class='ocrx_word' id='word_1_232' title='bbox 530 4060 594 4122; x_wconf 89' lang='grc' dir='ltr'>τοῖς</span> <span class='ocrx_word' id='word_1_233' title='bbox 621 4061 863 4136; x_wconf 88' lang='grc' dir='ltr'>πατριαρχικοῖς</span> <span class='ocrx_word' id='word_1_234' title='bbox 892 4050 1031 4121; x_wconf 89' lang='grc' dir='ltr'>δικαίοις</span> <span class='ocrx_word' id='word_1_235' title='bbox 1054 4046 1279 4134; x_wconf 82' lang='grc' dir='ltr'>όφείλοντοςῆ</span> 
     </span>
     <span class='ocr_line' id='line_1_31' title="bbox 54 4159 1278 4260; baseline -0.003 -20"><span class='ocrx_word' id='word_1_236' title='bbox 54 4159 109 4240; x_wconf 67' lang='grc' dir='ltr'>’ἶίίίς</span> <span class='ocrx_word' id='word_1_237' title='bbox 127 4173 338 4258; x_wconf 86' lang='grc' dir='ltr'>παραβάλλειν</span> <span class='ocrx_word' id='word_1_238' title='bbox 362 4168 457 4238; x_wconf 86' lang='grc' dir='ltr'>αότόν</span> <span class='ocrx_word' id='word_1_239' title='bbox 482 4168 528 4237; x_wconf 81' lang='grc' dir='ltr'>ἐπ’</span> <span class='ocrx_word' id='word_1_240' title='bbox 554 4167 658 4246; x_wconf 87' lang='grc' dir='ltr'>αότοῖς</span> <span class='ocrx_word' id='word_1_241' title='bbox 681 4171 701 4260; x_wconf 75' lang='grc' dir='ltr'><strong>ἢ</strong></span> <span class='ocrx_word' id='word_1_242' title='bbox 726 4174 780 4258; x_wconf 80' lang='grc' dir='ltr'>τὴν</span> <span class='ocrx_word' id='word_1_243' title='bbox 805 4171 930 4237; x_wconf 84' lang='grc' dir='ltr'>οἱανυιῖν</span> <span class='ocrx_word' id='word_1_244' title='bbox 957 4173 1119 4237; x_wconf 89' lang='grc' dir='ltr'>ποιεῖσθαι</span> <span class='ocrx_word' id='word_1_245' title='bbox 1147 4169 1278 4256; x_wconf 81' lang='grc' dir='ltr'>ἀνάκρι-</span> 
     </span>
     <span class='ocr_line' id='line_1_32' title="bbox 56 4291 1281 4388; baseline 0.01 -42"><span class='ocrx_word' id='word_1_246' title='bbox 56 4308 84 4348; x_wconf 78' lang='grc' dir='ltr'>σιν</span> <span class='ocrx_word' id='word_1_247' title='bbox 102 4291 149 4356; x_wconf 82' lang='grc' dir='ltr'>καὶ</span> <span class='ocrx_word' id='word_1_248' title='bbox 170 4293 359 4384; x_wconf 81' lang='grc' dir='ltr'>ἐπιτήρησιν.</span> <span class='ocrx_word' id='word_1_249' title='bbox 385 4293 456 4362; x_wconf 83' lang='grc' dir='ltr'>ὅσοι</span> <span class='ocrx_word' id='word_1_250' title='bbox 472 4301 572 4362; x_wconf 90' lang='grc' dir='ltr'>τοίνυν</span> <span class='ocrx_word' id='word_1_251' title='bbox 596 4307 635 4382; x_wconf 78' lang='grc' dir='ltr'>τη</span> <span class='ocrx_word' id='word_1_252' title='bbox 659 4295 807 4383; x_wconf 81' lang='grc' dir='ltr'>ἐγγράφῳ</span> <span class='ocrx_word' id='word_1_253' title='bbox 831 4291 918 4388; x_wconf 82' lang='grc' dir='ltr'>ἡμῶν</span> <span class='ocrx_word' id='word_1_254' title='bbox 935 4298 1149 4380; x_wconf 81' lang='grc' dir='ltr'>παρεγγυησει</span> <span class='ocrx_word' id='word_1_255' title='bbox 1173 4291 1281 4374; x_wconf 87' lang='grc' dir='ltr'>ἐντυγ-</span> 
     </span>
     <span class='ocr_line' id='line_1_33' title="bbox 55 4415 1280 4506; baseline 0.004 -29"><span class='ocrx_word' id='word_1_256' title='bbox 55 4415 151 4495; x_wconf 85' lang='grc' dir='ltr'>γίνιτε,</span> <span class='ocrx_word' id='word_1_257' title='bbox 178 4424 348 4506; x_wconf 87' lang='grc' dir='ltr'>στρατηγοί</span> <span class='ocrx_word' id='word_1_258' title='bbox 378 4443 411 4483; x_wconf 88' lang='grc' dir='ltr'>τε</span> <span class='ocrx_word' id='word_1_259' title='bbox 440 4421 519 4484; x_wconf 82' lang='grc' dir='ltr'>λαοιῖ</span> <span class='ocrx_word' id='word_1_260' title='bbox 547 4417 604 4484; x_wconf 89' lang='grc' dir='ltr'>καὶ</span> <span class='ocrx_word' id='word_1_261' title='bbox 627 4421 815 4505; x_wconf 85' lang='grc' dir='ltr'>καθηγηταί</span> <span class='ocrx_word' id='word_1_262' title='bbox 843 4420 940 4482; x_wconf 84' lang='grc' dir='ltr'>θείων</span> <span class='ocrx_word' id='word_1_263' title='bbox 968 4422 1024 4482; x_wconf 87' lang='grc' dir='ltr'>καί</span> <span class='ocrx_word' id='word_1_264' title='bbox 1048 4415 1136 4504; x_wconf 79' lang='grc' dir='ltr'>ἱερῶν</span> <span class='ocrx_word' id='word_1_265' title='bbox 1160 4417 1280 4504; x_wconf 75' lang='grc' dir='ltr'>ἐκκλη·</span> 
     </span>
     <span class='ocr_line' id='line_1_34' title="bbox 56 4527 1279 4630; baseline 0.011 -37"><span class='ocrx_word' id='word_1_266' title='bbox 56 4545 118 4616; x_wconf 86' lang='grc' dir='ltr'>οιιῖν,</span> <span class='ocrx_word' id='word_1_267' title='bbox 142 4541 198 4606; x_wconf 87' lang='grc' dir='ltr'>εἴτε</span> <span class='ocrx_word' id='word_1_268' title='bbox 225 4547 281 4608; x_wconf 90' lang='grc' dir='ltr'>καί</span> <span class='ocrx_word' id='word_1_269' title='bbox 308 4543 362 4630; x_wconf 79' lang='grc' dir='ltr'>την</span> <span class='ocrx_word' id='word_1_270' title='bbox 391 4553 450 4608; x_wconf 83' lang='grc' dir='ltr'>τῶν</span> <span class='ocrx_word' id='word_1_271' title='bbox 480 4527 620 4630; x_wconf 78' lang='grc' dir='ltr'>ἐξάρχων</span> <span class='ocrx_word' id='word_1_272' title='bbox 643 4537 714 4627; x_wconf 85' lang='grc' dir='ltr'>παρ’</span> <span class='ocrx_word' id='word_1_273' title='bbox 740 4537 829 4628; x_wconf 81' lang='grc' dir='ltr'>ἡμῶν</span> <span class='ocrx_word' id='word_1_274' title='bbox 858 4539 1105 4628; x_wconf 83' lang='grc' dir='ltr'>ἀναδεδεγμένοι</span> <span class='ocrx_word' id='word_1_275' title='bbox 1128 4543 1279 4630; x_wconf 86' lang='grc' dir='ltr'>φροντίδα</span> 
     </span>
    </p>
   </div>
   <div class='ocr_carea' id='block_1_7' title="bbox 55 4651 1278 4752">
    <p class='ocr_par' dir='ltr' id='par_1_9' title="bbox 55 4651 1278 4752">
     <span class='ocr_line' id='line_1_35' title="bbox 55 4651 1278 4752; baseline -0.002 -18"><span class='ocrx_word' id='word_1_276' title='bbox 55 4651 118 4738; x_wconf 64' lang='grc' dir='ltr'>δύο</span> <span class='ocrx_word' id='word_1_277' title='bbox 147 4665 227 4746; x_wconf 76' lang='grc' dir='ltr'>είκός</span> <span class='ocrx_word' id='word_1_278' title='bbox 259 4667 291 4730; x_wconf 85' lang='grc' dir='ltr'>έν</span> <span class='ocrx_word' id='word_1_279' title='bbox 323 4664 443 4752; x_wconf 85' lang='grc' dir='ltr'>ἑτέραις</span> <span class='ocrx_word' id='word_1_280' title='bbox 478 4665 762 4752; x_wconf 85' lang='grc' dir='ltr'>ἐκκλησιαστικαῖς</span> <span class='ocrx_word' id='word_1_281' title='bbox 796 4665 973 4738; x_wconf 89' lang='grc' dir='ltr'>διακονίαις</span> <span class='ocrx_word' id='word_1_282' title='bbox 1009 4663 1278 4751; x_wconf 78' lang='grc' dir='ltr'>ἀποστελλόμενοι</span> 
     </span>
    </p>
   </div>
   <div class='ocr_carea' id='block_1_8' title="bbox 0 0 1588 5274">
    <p class='ocr_par' dir='ltr' id='par_1_10' title="bbox 0 0 1588 5274">
     <span class='ocr_line' id='line_1_36' title="bbox 0 0 1588 5274; baseline 0 0"><span class='ocrx_word' id='word_1_283' title='bbox 0 0 1588 5274; x_wconf 95' lang='lat' dir='ltr'> </span> 
     </span>
    </p>
   </div>
  </div>
 </body>
</html>
