3140 5284
253 265 315 332 194

252 461 389 542 άννης
419 458 650 542 σεβαστός
679 455 696 522 ό
725 456 925 530 Ἀλωπός
953 461 982 538 †.
1012 460 1032 538 †
1059 453 1390 528 Ὁόοῦλοςτοό
1419 472 1530 538 κρα-

252 589 385 644 ταιοῦ
428 585 506 646 καὶ
550 578 686 662 ἁγίοο
724 577 847 668 ἡμῶν
886 574 1121 645 αόθίντοο
1159 580 1237 642 καί
1275 576 1529 661 βασιλέως,

252 698 1250 792 ΣωπηριχοςόΠόθος,μαρτυρῶνόπὲηραψ
1308 704 1337 781 †.

343 845 441 925 Σίηνα
481 848 644 931 μαρτύρων
678 844 843 912 Νικολάου
875 853 931 908 τοῦ
959 843 1149 928 Βαροπάτοο
1177 838 1241 908 ποῦ’
1267 844 1323 907 καί
1355 839 1530 925 Βλαττροῦ

252 973 307 1036 καί
330 967 517 1056 Μοσχάτοο,
542 977 598 1034 τοῦ
623 965 824 1057 αόταδέλιροο
849 963 956 1032 αὐτοῦ.

340 1109 412 1190 †‘0
438 1111 637 1198 σκεοορόλαε
660 1118 715 1196 τῆς
733 1107 912 1194 ἁγιωτάτης
936 1107 1163 1195 μητροπόλεως
1186 1106 1340 1194 Σμόρνης,
1363 1105 1531 1190 Γτιόρηιος

252 1231 268 1296 ό
294 1233 483 1308 Καλοτιδάς,
504 1235 610 1318 παρόν
633 1231 682 1298 ἐπὶ
699 1243 737 1319 τη
753 1235 900 1319 παρούσῃ
917 1231 1109 1318 σομβιβάστι
1126 1239 1289 1317 μαρτυρῶν
1305 1225 1479 1315 όπόηραψα
1496 1233 1530 1308 †.

254 1358 292 1420 Ιίί
313 1355 421 1422 σκάροι
441 1357 585 1421 formula:
611 1354 628 1422 ό
656 1354 757 1442 ἱτριός
780 1359 837 1422 καί
862 1355 1080 1440 πρωτίκδικος
1103 1353 1195 1420 Λίων
1219 1350 1236 1417 ό
1260 1351 1471 1438 Σκτρτίίόης,
1510 1349 1530 1416 ό

180 1512 191 1528 -
253 1481 380 1564 ἀχρεῖος
409 1481 443 1544 ὲν
467 1481 628 1554 διακόνοις
652 1484 753 1566 μίηας
785 1479 954 1566 οἰκονόμος
977 1475 994 1542 ό
1017 1477 1244 1564 Καλοοινάρης
1271 1473 1416 1563 Νικητας
1440 1497 1533 1561 μαρ-

252 1615 349 1688 τυρῶν
374 1608 497 1689 γράψας
521 1599 699 1690 όπόχραψα.

538 1865 612 1934 cxl.
630 1865 706 1934 Sino
721 1887 814 1948 ιιιιιιο,
829 1885 938 1933 menso
953 1874 1098 1952 augusto,
1116 1865 1182 1933 ind.
1200 1865 1235 1934 V.

429 2013 594 2086 Imperator
608 2017 781 2070 monasterio
797 2017 946 2087 confirmat
961 2015 1144 2070 donationem
1159 2019 1214 2068 σία·
1229 2013 1343 2071 Barac.

340 2171 360 2248 †
404 2165 735 2251 Δωρταστικόν
776 2169 1057 2254 πρόσταγμα
1100 2163 1369 2232 ἀποδιωιιον
1415 2162 1532 2238 τοός

252 2287 1324 2378 ΒλατεροόςἀπότῆςπτριοχηςτηςΒάρηςῒ.

343 2429 534 2518 ῩἜρθασε
564 2434 621 2516 μὲν
644 2424 664 2516 ἡ
689 2429 837 2515 βασιλεία
866 2453 927 2519 μοο
950 2432 1164 2520 δωρήσασθαι
1190 2443 1229 2519 τῇ
1254 2433 1415 2515 σεβασμίιρ
1439 2441 1530 2516 μονῇ

255 2563 315 2618 τῶν
344 2552 480 2640 Λόμβων
514 2557 550 2620 τό
580 2557 665 2619 κατὰ
696 2557 751 2642 την
780 2553 924 2642 Σμύρνην
952 2557 1154 2644 διακείμενον
1185 2560 1303 2642 χωρίον
1331 2554 1387 2641 τὴν
1413 2553 1531 2640 Βάρην

253 2675 325 2790 ἤτρι
352 2681 391 2742 τά
418 2676 516 2766 Μῆλα
540 2681 620 2765 μετὰ
647 2683 752 2768 πάσης
786 2689 842 2767 πῆς
870 2689 1021 2768 περιοχῆς
1047 2683 1103 2745 καί
1130 2680 1370 2767 διακρατήσεως
1399 2679 1530 2758 τούτου,

254 2800 472 2867 ἀποσπάσασα
499 2812 591 2868 τοῦτο
624 2801 767 2892 ἀπάτης
796 2806 903 2891 χειρός
930 2812 985 2868 τοῦ
1016 2803 1181 2890 Βλαττροό
1212 2801 1351 2882 ἐκείνου,
1383 2799 1427 2878 ὣς
1460 2799 1530 2868 ἀπό

252 2935 311 2990 τῶν
341 2926 473 2990 δικαίων
502 2922 535 2992 ὂν
560 2935 615 3008 τῆς
643 2928 821 3013 σεβασμίας
844 2930 920 2994 ποτὲ
949 2937 1049 3016 μονῆς
1073 2935 1128 2992 τοῦ
1160 2926 1436 3014 Παντοκράτορος,
1466 2931 1533 2990 καί

251 3053 507 3136 προσκοριίσασα
535 3061 573 3136 τη
603 3044 743 3136 ρηθείση
774 3061 834 3116 τῶν
862 3047 999 3136 Λάμβων
1027 3063 1110 3140 μόνη
1137 3050 1181 3124 τίς
1208 3052 1352 3139 κατοχὴν
1380 3049 1530 3138 ἀναφαί-

252 3193 350 3259 ρετον.
380 3171 446 3238 ἐπεὶ
469 3174 505 3238 δὲ
534 3171 722 3260 όπερνησίίη
747 3185 786 3262 τη
810 3174 957 3259 βασιλεία
973 3196 1045 3261 μου,
1069 3172 1112 3248 ὣς
1134 3171 1154 3263 ἡ
1179 3176 1255 3260 ηονη
1280 3183 1334 3240 τοῦ
1358 3173 1531 3258 Βλατεροῦ

253 3299 378 3362 ἐκείνου
402 3301 457 3362 καί
482 3299 576 3362 πάλιν
601 3299 640 3361 δι’
669 3295 770 3384 όχλοο
797 3302 917 3379 γίνεται
944 3310 982 3386 τῇ
1008 3309 1099 3386 μονη,
1127 3303 1307 3384 πειρωμένη
1336 3295 1530 3364 ἀποσπάσαι

255 3417 316 3484 ἀπό
347 3429 406 3484 τόν
435 3424 572 3508 σονόρων
609 3431 664 3486 τοῦ
693 3424 837 3487 τοιοότοο
869 3426 989 3508 χοιρίον
1017 3429 1086 3508 γῆν,
1114 3421 1151 3509 ἢν
1184 3418 1393 3487 ἀνακαλεῖται
1418 3419 1463 3494 όις
1495 3422 1531 3498 ἐξ

255 3540 434 3629 ἀηορασίας
468 3545 703 3628 περιελθοῦσαν
738 3540 819 3632 αὐτῇ
855 3541 917 3610 ἀπό
952 3555 1012 3610 τῶν
1048 3555 1104 3634 τῆς
1132 3544 1240 3632 Βάρης
1263 3549 1434 3630 παροίκων,
1467 3550 1530 3609 καί

254 3675 354 3731 ταῦτα
399 3667 556 3752 μηδεμίαν
600 3677 726 3755 σχοῦσα
766 3669 906 3756 μετοχὴν
953 3665 1002 3734 ἐπί
1048 3667 1090 3754 τῴ
1136 3669 1268 3754 τοιοότιρ
1307 3671 1425 3754 χωρίῳ,
1469 3665 1530 3756 ἀρ’

255 3787 329 3856 ὅποι)
359 3787 422 3856 ἀπὸ
451 3799 505 3854 τοῦ
534 3787 649 3876 ἀνδρός
678 3787 775 3880 αότης
799 3801 891 3856 τοῦτο
916 3789 1111 3879 ἀπεσπάσθη
1134 3795 1191 3856 καί
1214 3802 1254 3880 τῇ
1277 3793 1437 3878 στβασμίη
1462 3803 1529 3856 τῶν

254 3911 392 4001 Λέμβων
420 3916 650 4002 προσικωρώόη
679 3927 774 4002 μονη,
813 3913 833 4003 ἡ
859 3915 1005 4000 βασιλεία
1031 3939 1091 4002 μοο
1115 3918 1150 3981 τό
1174 3920 1276 4003 πάντη
1297 3915 1530 4004 ’ἀντνόχλητον

254 4043 312 4106 καί
336 4035 568 4126 ἀπερίσπαστον
591 4043 836 4125 πτριποιοομόνη
861 4051 925 4112 τοῖς
950 4040 1111 4126 μοναχοῑς,
1137 4041 1180 4128 μή
1206 4041 1383 4129 βοολομίνη
1406 4041 1441 4104 δὲ
1465 4046 1530 4106 καί

257 4161 318 4228 ἀπὸ
354 4172 408 4229 τοῦ
436 4165 585 4250 πτριόροο
613 4169 667 4226 τοῦ
692 4163 835 4228 τοιοότοο
863 4167 981 4249 χωρίοο
1006 4160 1087 4237 ὅλως
1116 4161 1367 4252 ἀποσπασθῆναί
1394 4187 1423 4228 τι
1449 4172 1531 4252 παρ’

257 4285 452 4373 οἱοοδητινος
480 4284 500 4374 ἢ
527 4290 599 4372 παρ’
629 4280 725 4350 αότοῖι
754 4295 808 4352 τοῦ
836 4286 1016 4372 Βλατττροῡ
1041 4288 1094 4352 διά
1125 4289 1161 4352 τό
1189 4285 1272 4366 ἅπαξ
1304 4285 1533 4378 ἀριτρωόῆναι

257 4418 351 4474 τοῦτο
376 4409 419 4496 τῷ
441 4407 520 4494 θεῷ,
550 4410 723 4498 διορίζεται
749 4410 803 4475 διὰ
826 4419 882 4496 της
897 4411 1059 4500 παροόσης
1082 4413 1290 4497 προστάξεως,
1322 4414 1534 4499 κατόχισθαι

256 4543 349 4598 τοῦτο
375 4531 684 4622 ἀνακρωτηριάστως
704 4539 806 4624 πάντη
829 4539 885 4600 καί
909 4533 1119 4622 ἀκολοβότως
1141 4538 1228 4622 παρὰ
1251 4545 1306 4603 τοῦ
1330 4533 1445 4625 μόρους
1469 4547 1531 4626 τῆς

257 4652 413 4744 ῥηθείσης
448 4669 507 4722 τῶν
542 4655 678 4744 Λόμβων
714 4661 890 4746 σεβασμίας
926 4671 1038 4748 μονῆς,
1059 4645 1190 4734 Ικαθὼς
1224 4665 1395 4748 κατείχετο
1430 4666 1529 4725 τοῦτό
