3168 5274
290 245 353 309 288

288 439 421 525 ξάμενος
443 439 500 503 καί
522 445 578 526 τής
600 434 689 526 ήμῶν
714 438 871 520 σιγιλλίυυ
886 439 1088 525 μετριότητος
1113 434 1237 525 ἐδεήθη
1259 441 1363 524 τὐχιίν
1385 437 1461 522 πρός
1485 433 1551 502 ἐτι-

288 563 457 646 βεβαίωσιν
481 570 537 648 τῆς
559 563 741 650 προσούσης
765 561 952 650 ἐλευθερίας
977 560 1026 626 ἐπί
1048 573 1128 627 πᾶσι
1151 571 1216 635 τοῖς
1245 571 1285 649 τη
1309 571 1391 648 μονή
1412 580 1551 647 προσαρ-

288 688 418 772 μόοασι,
441 689 497 750 καί
520 690 620 752 σιπτὰ
644 687 797 771 βασιλικὰ
820 686 1045 773 χρυσὸβουλλα
1067 683 1126 751 καί
1144 688 1380 772 προστάγματα
1395 681 1552 770 κεκτημέ-

287 831 351 889 νος,
375 811 680 898 κατασφαλιζόμινα
704 821 769 884 τοῖς
793 807 972 898 ύπάρχουσι
995 821 1035 898 τη
1058 817 1119 874 τῶν
1142 809 1280 894 Λέμβων
1306 819 1388 896 μονη
1410 810 1447 873 τό
1471 807 1551 874 ἀκα-

287 935 488 1000 ταδούλωτον
509 937 566 998 καί
587 931 824 1021 ἀνεπηρέαστον
840 939 896 1000 καί
911 931 1065 1022 ἡμέτερον
1080 935 1275 1020 πορισθῆναι
1298 932 1453 1012 σιγίλλιον
1469 933 1553 998 καθ-

288 1061 433 1124 ικέτευσε
465 1060 725 1145 κατοχορωτικύν
760 1061 816 1124 καί
850 1067 942 1124 τούτο
978 1067 1033 1124 τού
1068 1057 1285 1146 ἀνενοχλήτοο
1318 1059 1375 1123 καί
1407 1055 1552 1122 ἀδιασεί-

288 1203 365 1250 στου
388 1191 448 1248 τῶν
468 1190 526 1269 τῆς
549 1193 648 1271 μονῆς
671 1180 728 1248 καὶ
752 1178 858 1270 αὐτῆς.
881 1178 902 1270 ή
927 1177 981 1248 οὖν
1010 1185 1176 1270 μετριότης
1203 1178 1307 1269 ἡμῶν,
1332 1180 1553 1266 ἀποδεξαμένη

287 1307 344 1392 τήν
366 1308 478 1370 τούτου
502 1309 629 1394 γνῶμην
652 1309 709 1371 καί
731 1309 767 1372 τό
791 1303 823 1372 ἐν
846 1307 959 1380 καλοῖς
982 1307 1153 1372 σπουδαίαν
1177 1309 1234 1377 καί
1255 1307 1434 1391 θεάρεστον
1459 1299 1552 1370 αύτού

247 1517 252 1543 Ι
289 1427 495 1510 έπαινέσασα,
521 1423 580 1495 οάκ
605 1427 756 1516 ἐβράδυνε
778 1432 856 1517 πρός
877 1420 933 1518 τήν
958 1429 1091 1518 αίτησιν,
1117 1423 1177 1495 ούκ
1192 1427 1302 1517 ἀηδῶς
1325 1430 1458 1516 διετέθη
1481 1430 1554 1515 πρὸς

286 1553 343 1640 τήν
367 1553 577 1642 ἐκπλήρωσιν,
602 1553 673 1620 ἀλλ’
691 1552 835 1641 ἀσμένως
858 1557 915 1620 καί
938 1558 1062 1641 ταχέως
1085 1554 1233 1628 τὸτέλος
1255 1553 1333 1638 πρός
1355 1553 1410 1640 τήν
1436 1551 1555 1617 ἱκεσίαν

286 1675 454 1764 ἐπήνεγκε·
477 1681 535 1743 καί
549 1676 619 1744 ίδού
643 1689 681 1766 τη
704 1681 791 1765 παρὰ
815 1687 870 1743 του
885 1682 1043 1758 παναγίου
1065 1679 1244 1764 πνεύματος
1270 1677 1464 1764 ένδιδυμένη
1487 1673 1555 1763 ἡμῖν

287 1779 416 1886 ἐξουσία
438 1802 658 1889 διοριζόμεθα,
684 1797 765 1868 ούτω
782 1803 1009 1890 συντηρείσθαι
1031 1805 1135 1867 πάντα
1158 1804 1198 1866 τὰ
1221 1811 1261 1888 τῇ
1277 1811 1359 1888 μόνη
1382 1810 1444 1865 τῶν
1468 1798 1555 1886 Λέμ-

287 1929 348 2012 βων
376 1929 682 2016 πρυσαριερωθέντα
708 1932 794 1993 κατὰ
821 1929 878 2001 τὰς
911 1927 1094 2015 περιλήψιις
1127 1935 1188 1992 τῶν
1217 1928 1315 1992 θείων
1349 1927 1407 1990 καί
1435 1933 1554 1988 σεπτῶν

286 2051 460 2135 βασιλικῶν
482 2051 726 2138 χρυσοβούλλων
750 2055 806 2116 καί
830 2049 968 2138 ὁρισμῶν
988 2055 1045 2116 καί
1066 2053 1170 2138 πάντη
1194 2054 1297 2116 πάντα
1320 2051 1360 2114 τὰ
1382 2044 1433 2113 ὁπ’
1459 2043 1554 2133 αὸιήν

284 2177 342 2239 καί
367 2177 437 2260 περί
459 2169 566 2260 αὐτήν,
591 2171 670 2240 ύπυυ
693 2171 722 2239 δ’
746 2171 784 2240 ἀν
808 2179 864 2240 καί
887 2175 1076 2257 διάκεινται,
1101 2173 1374 2263 διαφυλάττεσθαι
1397 2171 1555 2256 ἐλεύθεροι

285 2301 342 2362 καί
365 2294 585 2386 ἀνεπηρέαστα
608 2301 664 2363 καί
687 2296 749 2364 ἀπό
772 2301 895 2364 πάντων
918 2303 1091 2386 προσώπων
1115 2300 1171 2364 καὶ
1195 2295 1257 2362 ἀπύ
1279 2300 1387 2384 πάσης
1411 2292 1555 2371 ἐξουσίας

283 2421 490 2508 δημοσιακής
517 2443 551 2486 τε
579 2426 636 2488 καί
664 2421 856 2510 ἀρχυντικῆς
884 2425 1068 2510 κεκτῆσθαι
1094 2425 1130 2488 τό
1160 2421 1322 2494 παντελῶς
1353 2417 1555 2502 ἀδιάσειστον

285 2547 343 2610 καί
371 2545 520 2632 μηδόλως
549 2544 635 2632 ἐχειν
661 2547 764 2612 ποθέν
791 2547 1026 2634 παρενόχλησιν
1053 2545 1074 2634 ἢ
1104 2545 1267 2633 ἐπιζήμιον
1292 2547 1332 2610 τά
1359 2551 1416 2630 τῆς
1445 2551 1553 2629 μονῆς,

286 2669 411 2756 δηλαδή
437 2671 588 2756 μετὸχια,
614 2669 839 2757 ζευγηλατεία,
865 2671 1007 2756 βιβάρια,
1031 2669 1051 2758 ἢ
1077 2669 1134 2754 [οἱ]
1160 2669 1204 2744 είς
1227 2670 1283 2756 τὴν
1305 2666 1477 2735 Μάνταιαν
1501 2667 1556 2730 καί

286 2795 325 2858 τά
348 2791 498 2858 Παλάτια
521 2796 578 2860 καί
601 2795 635 2858 τό
660 2799 776 2880 χωρίον
800 2795 855 2882 τήν
878 2793 987 2882 Βάρην
1010 2791 1081 2881 ἤτοι
1104 2797 1145 2860 τά
1167 2791 1265 2881 Μήλα
1282 2795 1433 2879 πάροικοι
1459 2785 1556 2876 αύτὴς

284 2920 342 2982 καί
370 2915 401 2982 οί
428 2915 474 3004 είς
500 2917 555 3004 τήν
584 2916 727 3006 Σμύρνην
754 2920 904 3004 πάροικοι
933 2912 1030 3008 αύτής
1052 2921 1109 2983 καί
1132 2916 1162 2984 οἱ
1185 2917 1230 2991 είς
1250 2915 1429 3002 ΙΠοταμούς
1457 2911 1555 3000 ἤγουν

285 3044 325 3107 τά
348 3040 508 3130 Σρούρνου
531 3045 588 3106 καί
611 3039 641 3106 οἱ
664 3039 810 3128 ἀλλαχοῦ
835 3037 1033 3128 ὁπουδήποτε
1057 3039 1090 3107 ἐν
1120 3045 1227 3116 τόποις
1250 3049 1306 3127 της
1331 3047 1430 3126 μονῆς
1454 3058 1554 3124 προσ-

284 3167 470 3254 καθήμενοι
493 3165 660 3231 δυολευταί
685 3168 739 3230 καί
766 3167 915 3252 πάροικοι
942 3173 997 3253 τῆς
1021 3175 1119 3254 μονῆς
1142 3169 1198 3230 καί
1221 3168 1261 3229 τὰ
1288 3167 1494 3250 χειρογρίπια
1521 3161 1554 3224 δέ

276 3291 327 3354 ’τά
353 3293 511 3376 προσόντα
539 3285 631 3376 αὐτή,
659 3293 715 3354 καί
750 3289 810 3376 μήν
838 3293 895 3354 καί
924 3288 1065 3376 ἀμπέλια
1091 3293 1148 3354 καὶ
1175 3291 1325 3376 χωράιρια
1352 3289 1410 3351 καί
1437 3283 1556 3350 ἐλαῐκά

276 3411 401 3498 ’δένδρα
417 3416 473 3477 καί
494 3411 689 3500 ἐργαστήρια
711 3415 767 3478 καί
786 3421 850 3478 Ιπάν
875 3409 966 3490 ἄλλο,
991 3410 1022 3476 εί
1041 3435 1070 3477 τι
1093 3423 1132 3499 τη
1157 3423 1238 3499 μονή
1255 3411 1354 3496 ταύτη
1378 3417 1439 3474 τῶν
1464 3407 1555 3493 Λέμ-

228 3512 232 3521 “
286 3536 348 3620 βων
375 3538 540 3622 πρόσεστιν
575 3533 608 3612 ἐξ
642 3534 819 3622 ἀγορασίαις
852 3535 873 3624 ἢ
909 3535 946 3601 ἐκ
982 3537 1192 3622 πρυσενέζεως
1224 3531 1384 3624 φιλυθὸων
1421 3531 1554 3618 ἀνδρῶν,

287 3655 394 3732 άπλῶς
422 3661 482 3744 γάρ
510 3661 566 3723 καί
589 3660 737 3725 καθόλου
766 3657 975 3736 ἁπαξάπαντα
998 3664 1101 3747 χωρία
1124 3664 1181 3724 καί
1208 3657 1238 3724 οἱ
1259 3662 1409 3744 πάροικοι
1431 3659 1493 3721 καὶ
1516 3657 1555 3718 τὰ

275 3785 435 3868 κτήματα
462 3791 519 3869 τῆς
547 3790 645 3869 μονής
672 3784 788 3869 ταύτης
816 3793 876 3848 τῶν
902 3780 1054 3870 Λέμβων,
1083 3787 1124 3847 τά
1151 3805 1185 3850 τε
1214 3780 1247 3859 ἐζ
1270 3779 1452 3866 ἀγορασιῶν
1483 3777 1553 3844 εὖτε

286 3903 324 3970 ἐκ
344 3906 566 3992 προσενέζεων,
589 3901 670 3970 οὸτω
691 3905 968 3993 διατηρείσθωσαν
984 3909 1069 3972 κατά
1085 3911 1141 3981 τὰς
1165 3909 1281 3980 σεπτόις
1304 3906 1469 3978 κελεύσεις
1494 3913 1553 3967 τῶν

283 4032 382 4095 θείων
410 4033 466 4094 καί
495 4031 676 4116 σεβασμίων
705 4030 877 4114 βασιλικῶν
904 4030 1149 4116 χρυσοβούλλων
1172 4033 1229 4094 καί
1255 4025 1393 4115 ὁρισμῶν
1425 4025 1554 4092 ἀκατα·

285 4157 406 4241 ζήτητα
428 4157 485 4218 καί
509 4151 710 4240 ἀνενόχλητα
731 4151 793 4219 ἀπὸ
816 4157 922 4240 πάσης
945 4157 1002 4218 καί
1016 4159 1168 4227 παντοίας
1193 4151 1342 4240 ἐπηρείας
1365 4150 1464 4238 ήγουν
1491 4150 1552 4228 ἀγ-

283 4281 430 4363 γαρείας,
455 4279 583 4364 ζημίας,
611 4281 836 4364 ψωμοζημίας,
860 4277 1136 4362 κατεργοκτισίας,
1165 4280 1426 4362 καστροκτισίας,
1449 4271 1553 4338 πλωΐ-

282 4421 349 4486 μων
373 4397 519 4486 ἐκβολῆς,
544 4397 718 4476 ἐξελάσεως
733 4404 846 4480 πεζῶν,
871 4398 975 4487 ἀέρος,
1001 4399 1154 4486 ὲννομίου,
1180 4398 1349 4472 συνδοσίας
1369 4404 1425 4464 καὶ
1447 4397 1553 4484 ἄλλης

281 4527 389 4610 πάσης
418 4521 616 4611 ἀπαιτήσεως
640 4523 696 4588 καὶ
719 4525 837 4610 βάρους
864 4528 981 4598 παντός
1003 4527 1089 4590 κατὰ
1115 4527 1223 4612 χώρας
1246 4527 1302 4589 καὶ
1325 4527 1411 4588 κατὰ
1433 4525 1553 4595 τόπους

277 4645 512 4733 ἐπερχομένων.
540 4651 610 4712 καί,
631 4648 741 4732 μηδεὶς
770 4657 830 4714 τῶν
857 4657 914 4734 τῆς
941 4658 1038 4735 μονῆς
1066 4649 1183 4733 ταύτης
1209 4652 1380 4733 παροίκων,
1413 4643 1494 4714 ὅπου
1525 4650 1552 4713 δ’
