3140 5284
1212 267 1279 346 Ιίιί.

44 462 181 542 ἐπὶτοῦτο
209 465 270 547 γὰρ
299 461 445 544 ἐγεγόνει
474 461 553 550 αύτη
581 467 638 528 καί
661 461 678 528 ύ
701 465 807 548 παριδν
831 472 887 550 τῆς
911 465 1078 546 βασιλείας
1102 485 1161 549 μου
1185 461 1273 550 δροσ-

42 589 81 668 μῦς
101 583 260 672 γ.Εἶχε
295 587 345 651 τύ
374 590 480 674 μηνί
515 591 691 672 μαρτίιρ
725 586 1032 662 ίνδικτιιῦνος
1067 584 1273 680 ἑβδόμης

41 706 1275 798 δι’ὲρυθρῦνγραμμάτωντῆςβασιλικηςκαίθείας
1381 803 1384 812 Ι

41 837 166 917 γιιρύς
191 837 220 914 †.

99 955 172 1035 †‘0
198 959 439 1032 πανοσιύτατος
466 959 714 1045 καθηγούμενος
738 968 793 1044 τῆς
817 959 995 1046 σεβασμίοις
1019 917 1189 1046 βασιλικῆς
1214 979 1275 1044 μο-

41 1089 76 1167 ῦρ
93 1091 143 1146 τῦν
163 1080 304 1168 Λίμβων
326 1085 384 1148 καί
406 1079 600 1170 ἡγιασμένος
624 1079 656 1146 ἐν
680 1081 917 1170 ίερομονιίχοις,
941 1091 1001 1167 κῦρ
1016 1080 1156 1171 Παῦλος,
1180 1085 1271 1152 θείου

40 1202 77 1267 ιιὶ
97 1205 255 1286 βασιλικὸν
282 1208 499 1292 προσκονητύν
523 1203 653 1292 δρισμῦν
676 1202 749 1294 ἡμῖν
772 1203 961 1293 ἐνεχείρισε,
989 1207 1042 1272 τὸν
1065 1205 1271 1275 παίύνωθεν

42 1333 280 1414 τατεστρωμίνον,
309 1326 459 1404 ὡσαύτως
485 1332 697 1416 προεκόμισεν
724 1325 798 1418 ἡμῖν
825 1332 882 1395 καί
906 1330 1030 1416 γραφὴν
1054 1327 1270 1418 ίνοπύγραρον

42 1461 77 1517 τοῦ
92 1454 303 1540 περιποθήτου
328 1447 528 1540 αδταδίλφου
551 1460 607 1518 τοῦ
629 1461 784 1539 κραταιοῦ
807 1457 864 1518 καί
887 1452 981 1534 ἁγίου
1003 1448 1273 1540 ἡμῶνοιύθίνεοο

41 1579 76 1640 ιιί
96 1577 255 1660 βασιλίως,
287 1584 343 1642 τοῦ
369 1579 659 1658 πανευγενεστιίτου
686 1575 856 1664 Κομνηνοῦ
883 1584 984 1662 κυροῦ
1011 1575 1195 1664 Δημητρίου
1217 1586 1274 1644 τοῦ

41 1697 154 1788 Τορνίκη,
176 1696 260 1766 οὕτω
285 1700 580 1786 διαλαμβάνουσαν·
614 1701 830 1784 πανσίβασττ,
865 1701 1002 1784 σεβαστί
1041 1701 1271 1788 προκαθημενε

17 1831 76 1906 ῐτοῦ
100 1827 230 1912 κύστροσ
268 1823 411 1910 Σμύρνης
446 1828 502 1890 καί
535 1820 721 1911 ἠγαπημίνε
757 1845 812 1908 μοι
846 1824 1012 1912 σύντρορε,
1047 1831 1107 1907 κύρ
1143 1819 1272 1912 Ἰωιίννη

42 1947 173 2014 'Amen
200 1946 218 2014 ὁ
246 1951 405 2034 κραταιὰς
432 1948 490 2014 καί
517 1945 608 2028 ἅγιος
634 1944 723 2035 ἡμῶν
751 1943 910 2034 αύθίντης
938 1951 994 2014 καί
1019 1947 1170 2032 βασιλεύς
1192 1945 1272 2016 ίδεν·

42 2073 124 2154 μήσατο
148 2073 186 2138 δι’
221 2069 362 2158 ὁρισμοῦ
390 2081 445 2160 της
471 2069 576 2156 Ιἁγίας
605 2067 701 2138 αύτοῦ
738 2072 903 2155 βασιλείας
930 2082 970 2158 τῇ
998 2073 1162 2158 σοβασμίο,
1188 2081 1280 2160 μονῇ

17 2225 18 2252 ι
43 2202 79 2256 τίν
95 2193 218 2280 Λίμβων
245 2194 312 2262 ἀπὸ
334 2203 391 2282 της
414 2195 460 2270 τίς
483 2199 536 2262 τῦν
558 2195 745 2263 Κούκουλον
769 2205 827 2283 γῆς
847 2205 907 2280 τῶν
935 2193 1091 2262 Παλάτιον
1115 2199 1281 2282 “wop-3

47 2323 127 2400 πρίων
147 2321 187 2396 ἒξ,
209 2324 272 2386 καί
295 2323 457 2408 γριίιρομίν
481 2343 532 2386 σοι
555 2319 588 2396 ἐξ
616 2317 748 2406 ὁρισμοῦ
777 2315 1029 2410 βασιλικοῦηύς
1056 2317 1100 2384 ἂν.
1123 2316 1273 2414 ἀπίλθρς

47 2439 174 2508 ύὲκτῖσε
201 2448 262 2508 καί
291 2445 496 2529 μετακαλίση
524 2445 597 2516 τούς
620 2441 802 2528 κρείττονας
829 2453 890 2508 τῦν
917 2441 1175 2528 Κουκουλαῑτιῑιν,
1211 2451 1273 2510 τείν,

48 2560 144 2646 ἐγίντων
169 2567 358 2654 είδημονίαν
387 2567 431 2640 είς
454 2569 510 2652 την
538 2569 686 2652 τοιαύτην
714 2576 786 2654 γην,
811 2565 869 2632 καὶ
895 2568 1096 2652 παραδύσεις
1119 2565 1164 2652 tq?
1184 2569 1273 2654 μίρει

48 2695 81 2768 ης
100 2693 232 2776 τοιαύτης
272 2699 368 2776 μονης
395 2699 455 2754 τῶν
483 2691 516 2765 ἐξ
545 2694 716 2776 ζευγαρίων
745 2691 800 2776 την
829 2699 887 2776 γῆν
915 2690 956 2753 δι’
980 2688 1140 2776 ἐγγράφου
1164 2711 1272 2775 παρα·

48 2808 128 2886 ῦτεύς
158 2835 213 2878 σου
241 2818 331 2878 κατὰ
358 2815 414 2898 την
447 2816 613 2900 περίληψιν
642 2821 696 2880 τοῦ
725 2817 868 2878 τοιούτου
896 2816 988 2894 θείου
1015 2817 1072 2880 καί
1104 2813 1274 2895 βασιλικοῦ,

49 2945 219 3024 τριακονητοῦ
242 2935 388 3022 ὁρισμοῦ.
412 2941 467 3002 καί
494 2942 628 3022 ποίησον
653 2932 751 3009 ούτως
776 2935 958 3012 ἐξοίσοντας.
982 2938 1271 3024 πολυχρονηθείης,

51 3062 96 3138 μηνί
114 3057 259 3146 ἀπριλλίιρ
279 3060 337 3125 ίνδ.
364 3059 395 3134 ζ’.
420 3083 439 3147 η
464 3058 641 3149 ύτογραφὴ·
665 3059 885 3146 δ’Τορνίκηςι·
900 3063 987 3148 κατὰ
1009 3069 1085 3140 γοῦν
1108 3062 1163 3146 τὴν
1186 3066 1272 3146 περί·

50 3177 111 3264 ληύιν
133 3192 182 3248 τοῦ
210 3186 356 3249 τοιούτου
391 3187 482 3250 θείου
511 3185 679 3268 βασιλικοῦ
712 3193 929 3270 πρυσκυνητοῦ
965 3183 1097 3269 ὁρισμοῦ
1131 3187 1187 3251 καί
1217 3185 1272 3272 τὴν
1302 3271 1304 3274 ¹

51 3309 94 3386 :spi
114 3315 160 3392 τῆς
185 3310 338 3394 τοιαύτης
365 3309 575 3392 παραδύσεως
599 3309 720 3394 γραφὴν
748 3315 805 3396 τοῦ
831 3311 1046 3394 περιποθήτου
1073 3303 1273 3396 αύταδίλφου

53 3437 85 3490 οῦ
99 3441 236 3514 κραταιοῦ
263 3434 320 3496 καί
348 3429 439 3510 ἁγίου
466 3429 555 3518 ἡμῶν
583 3427 741 3496 αύθίντου
763 3436 820 3496 καί
844 3431 1015 3514 βασιλέως,
1039 3439 1094 3496 τοῦ
1116 3443 1274 3512 πανεογι·

51 3557 160 3618 ιιιτίτου
174 3556 356 3643 Κομνηνοῦ,
379 3555 433 3620 διὰ
454 3559 492 3620 σύ
516 3555 754 3641 ἀσχολούμενον
778 3553 857 3620 εἶναι
880 3557 932 3620 τόν
955 3559 1169 3642 περιπόθητον
1193 3558 1272 3636 σύγ·

52 3677 153 3760 γιμβρον
174 3689 228 3744 τοῦ
248 3687 405 3766 κραταιοῦ
427 3683 483 3744 καί
508 3676 600 3758 ἁγίου
615 3675 702 3765 ἡμῶν
726 3674 884 3744 αύθίντου
907 3683 963 3744 καί
979 3681 1145 3763 βασιλίως,
1170 3681 1279 3748 δούκα·

53 3807 85 3860 τοῦ
101 3803 230 3886 θίματος
254 3814 314 3869 των
338 3803 537 3890 Θρακησίων,
561 3811 620 3888 κῦρ
643 3799 789 3888 Ἰωάννην
808 3802 916 3868 Δούιια
939 3806 992 3868 τύν
1014 3803 1204 3894 Κουρτίκην,
1228 3801 1274 3876 είς

53 3920 180 3999 βασιλικὰς
207 3929 371 4004 δουλείας,
400 3924 546 4014 ἀπῆλθον
570 3926 616 4000 τίς
639 3929 692 3990 τύν
714 3931 842 4012 καμτον
866 3934 920 3992 τοῦ
943 3925 1193 4012 Μεμανιωμίνου
1217 3948 1274 4012 με,-

54 4049 270 4136 ιτιιλεσοίμενος
292 4055 350 4116 καί
372 4051 445 4123 τούς
468 4055 650 4136 κρείττονας
673 4049 902 4124 οἰκοδεσπύτας
922 4059 977 4116 τοῦ
997 4050 1195 4128 Κουκούλοο,
1219 4051 1273 4120 τύν

54 4185 73 4228 τε
92 4169 325 4242 Παπαδύπουλον
348 4183 437 4258 κύριν
459 4173 607 4260 Μιχαὴλ,
634 4176 687 4238 τύν
711 4172 850 4259 Μοίσχαν
874 4176 927 4238 τύν
951 4177 1007 4238 καί
1030 4174 1190 4260 δίκαρχον
1216 4180 1272 4238 κῦ-

33 4309 81 4366 .ῦί
100 4294 260 4384 Θεόδωρον,
295 4302 349 4363 τὸν
376 4308 436 4384 κῦρ
463 4298 575 4364 Πύθου
602 4299 654 4364 τὸν
683 4295 870 4382 Στραγοιλᾱν
897 4301 954 4362 καί
977 4294 1040 4362 ἀπὸ
1063 4307 1123 4389 τῶν
1147 4294 1273 4362 οίκούν-

21 4405 23 4496 λ
55 4431 93 4477 ²⁹⁹
109 4417 146 4492 εἷς
167 4427 202 4487 τὰ
225 4423 362 4488 Ποίλατα
386 4425 438 4487 τὸν
460 4421 622 4508 Κρητικὸν
645 4420 827 4499 Βασίλειον,
855 4419 1018 4487 Νικόλαον
1041 4423 1094 4486 τύν
1117 4419 1272 4505 Μονομα-

21 4515 22 4530 ³
56 4553 92 4617 ’γον
113 4549 158 4608 καί
181 4544 335 4635 Ἰωάννην,
365 4547 418 4609 τύν
447 4547 590 4631 γαμβρὸν
619 4541 727 4622 αύτοῦ,
762 4549 818 4610 καί
842 4542 1109 4631 ἀνεθεωρήσαμεν
1141 4541 1275 4614 ίνύπιου

57 4663 141 4728 πάντων
165 4671 215 4756 την
249 4672 425 4758 νεμομένην
454 4679 511 4756 γῆν
540 4670 654 4754 δικαίῳ
681 4678 737 4734 τοῦ
771 4669 941 4755 δημοσίου,
966 4666 1096 4756 ἧστινος
1123 4664 1140 4732 ὁ
1164 4687 1278 4754 περιο-

994 4779 1027 4830 10
1045 4773 1061 4812 *
