3168 5274
1240 285 1305 351 347

55 482 233 570 ρορολογίας
253 483 313 544 Ικαί
328 475 513 554 ύποτελείας
537 475 617 565 ύροῶ
641 485 697 544 καί
718 477 966 552 ύποδουλῶσεως
987 483 1043 543 καί
1059 475 1123 543 ’ύπύ
1149 481 1203 564 τήν
1228 477 1305 566 όφυ-

55 605 183 692 ρευτικήν
208 602 307 670 αύτυῶ
330 615 423 693 χεῖρα
451 605 542 680 τάξαι
570 605 764 690 διεξαγωγὴν
792 601 873 690 όμοῶ
902 627 935 668 τε
965 607 1021 669 καί
1048 606 1202 692 κατοχῆν.
1231 607 1308 689 πρός

55 739 138 794 ταῦτα
163 725 185 816 ή
211 730 358 812 βασιλεία
382 750 442 813 μου
467 725 526 793 ούκ
552 725 724 801 ἀνένδοτος
746 723 862 815 ύπῆρξε
886 739 924 814 τῆ
949 729 1081 813 τοιαύτη
1106 725 1230 814 αίτήσει
1252 735 1308 791 τού

54 852 205 938 εἰρημένου
233 851 458 940 Μαλιασηνοδ,
494 851 566 916 ἀλλ’
595 848 732 938 εὐμενῶς
755 875 788 916 τε
816 855 871 915 καί
899 850 1112 938 ίλαρυτρόπως
1140 871 1308 936 προσηκο-

55 981 119 1062 μένη
151 971 251 1064 αότῆν
278 977 455 1042 διπλοποιεῖ
488 979 527 1042 τά
554 975 642 1040 καλὰ
676 976 730 1040 διὰ
765 983 820 1062 τῆς
854 977 1019 1062 παρούσης
1053 975 1307 1062 χρυσοβοολλίου

53 1096 194 1186 ήμετέρας
223 1109 357 1188 γραφῆς·
393 1105 450 1166 καί
478 1104 539 1186 γάρ
569 1097 695 1164 εύδοκεῑ
716 1101 773 1164 καί
801 1099 997 1173 δεσποτικῶς
1030 1101 1224 1186 προστάσσει
1252 1107 1308 1163 τού

53 1223 203 1288 εἶναικαὶ
238 1223 459 1310 ὀνομάζεσθαι
494 1222 556 1289 ἀπὸ
591 1233 645 1290 τού
667 1227 825 1310 παρόντος
859 1221 916 1288 καὶ
942 1222 988 1296 είς
1016 1226 1052 1288 τό
1080 1225 1226 1310 διηνεκές
1253 1224 1308 1309 τήν

53 1349 275 1436 ἀναληφθεῖσαν
311 1349 408 1434 μονήν
444 1358 499 1414 τού
526 1359 586 1434 κύρ
620 1345 799 1433 Ἱλαρίωνος
827 1355 882 1412 τού
913 1347 1106 1433 λτλεγμένου
1137 1345 1308 1434 Κομιίῆνού

53 1482 134 1557 κορού
167 1469 412 1538 Κωνσταντίνου
445 1482 501 1538 τού
534 1471 746 1560 Μαλιασηνοῶ
780 1475 1075 1559 καίίκατέχεσθαι
1108 1475 1182 1556 παρ’
1212 1468 1309 1535 αύτού

54 1600 98 1658 καί
122 1605 177 1660 τού
208 1593 323 1682 μέρους
358 1592 455 1661 αύτού
484 1595 696 1682 ἒφορεοτικῶς
725 1599 805 1682 μετὰ
838 1599 962 1662 πάντων
997 1605 1056 1660 τῶν
1091 1595 1224 1659 δικαίων
1255 1598 1311 1660 καί

54 1725 219 1806 προνομίαν
248 1717 359 1807 αύτῆς,
386 1718 592 1806 ἀμπελώνων,
616 1725 802 1807 χωραφίων,
827 1721 1148 1807 κηπωροπεριβόλων.
1173 1714 1311 1804 ύδρομυ-

57 1843 148 1907 λώνον
175 1849 235 1910 καί
262 1847 378 1919 παντός
406 1843 513 1930 ἑτέρου
542 1841 693 1931 ἀκινήτου
720 1847 907 1930 πράγματος
941 1847 997 1908 καί
1029 1844 1137 1917 καλῶς
1165 1843 1311 1922 διεξάγε-

57 1970 122 2032 υθαι
143 1971 202 2032 καί
226 1969 387 2057 θεοφιλῶς
411 1972 496 2032 κατὰ
521 1969 574 2033 τόν
598 1970 769 2056 φιλεοσεβῆ
793 1971 907 2054 τρόπον
932 1963 1028 2032 αύτοῶ
1052 1971 1108 2031 καί
1133 1967 1310 2055 φιλόκαλον

57 2093 97 2158 έπί
127 2095 280 2158 συστάσει
314 2101 368 2156 τοῶ
397 2097 610 2179 μοναστηρίου
643 2097 700 2157 καί
729 2091 773 2166 είς
808 2095 843 2156 τύ
872 2104 1012 2178 κρεῖττον
1047 2102 1220 2178 προαγωγῆ
1254 2094 1311 2154 καί

58 2217 208 2298 βελτιώσει
235 2221 293 2281 καί
321 2213 371 2282 ἀπὶ
404 2228 573 2304 καταμονῆ
601 2220 657 2282 καί
684 2217 842 2304 διατροφῇ
878 2218 1078 2302 μονοτρόπων
1107 2212 1237 2301 ἀνδρῶν,
1268 2215 1311 2300 μῆ

57 2339 115 2425 παρ’
142 2337 242 2405 αότοῶ
266 2341 302 2404 δέ
328 2344 423 2426 μόνον
438 2343 685 2426 τοιουτοτρόπως
713 2341 926 2427 κατέχεσθαι,
956 2337 1049 2426 άχρις
1078 2337 1116 2404 ἀν
1144 2351 1208 2412 τοῖς
1237 2342 1314 2412 ζῶσι

57 2467 300 2550 συνεξετάζηται,
326 2461 410 2529 ἀλλὰ
425 2469 482 2530 καί
503 2468 590 2550 παρά
614 2473 669 2530 τού
693 2463 760 2530 υίοῶ
785 2461 893 2542 αότοῡ,
918 2471 973 2528 τού
996 2465 1213 2550 περιποθήτου
1238 2459 1315 2528 ἀνε-

58 2591 117 2670 ήιού
140 2597 197 2674 τῆς
223 2577 395 2672 βασιλείας
415 2611 486 2674 μου,
510 2597 565 2654 τού
582 2587 753 2676 Κορνηνοῶ
776 2596 875 2675 κυρού
891 2586 1067 2664 Νικολάου,
1087 2591 1314 2672 πιστευομένου

59 2722 88 2796 τῇ
114 2713 262 2798 βασιλεία
297 2734 357 2797 μου
392 2721 448 2799 τῆς
479 2723 635 2800 πατρικῆς
667 2710 837 2801 φιλοθείας
865 2717 921 2776 καί
955 2710 1106 2796 ἐναρέτου
1135 2712 1315 2782 διαθέσεως

59 2835 251 2922 κληρονόμου
287 2835 378 2914 εἶναι,
414 2835 458 2912 ύις
492 2841 549 2902 καί
583 2846 639 2923 τῆς
675 2845 730 2902 τού
767 2841 876 2917 γένους
910 2837 1065 2922 διαδοχῆς
1094 2833 1201 2919 ἑτέρου
1233 2835 1315 2906 τινύς

60 2963 214 3042 προσώπου
243 2958 413 3048 ἐπιχωρίου
448 2959 669 3048 ἀλμορωτικοῶ
696 2959 717 3047 ή
747 2959 934 3046 ἀλλοχώρου
959 2963 1103 3044 μείζονος
1131 2959 1185 3044 τήν
1214 2959 1314 3042 τύχην

60 3078 235 3168 ήήττονος,
261 3083 507 3171 ἀρχοντεύοντος
529 3083 549 3172 ή
575 3082 859 3171 ἀρχοντευομένου,
885 3083 1055 3163 ἐκγόνους
1078 3077 1150 3168 ἡμῖν
1179 3079 1317 3146 οἰκειου-

63 3209 159 3288 μένου,
195 3206 258 3272 εἴτε
281 3214 338 3272 καί
367 3209 424 3296 μή,
461 3209 617 3296 μηδαμῶς
652 3212 795 3294 μετέχειν
819 3205 1000 3296 ἀφείλοντος
1035 3203 1113 3272 καθ’
1138 3203 1317 3292 οίονδήτινα

63 3333 171 3412 τρόπον,
201 3331 234 3396 έν
260 3331 419 3420 οἱῳδήτινι
442 3337 546 3420 χρόνῳ
571 3335 621 3398 ὲπί
644 3345 683 3420 τῆ
712 3332 951 3417 ἀνατεταγμένη
981 3341 1062 3416 μονή
1092 3333 1147 3394 καί
1175 3339 1239 3401 τοῖς
1268 3325 1317 3394 ὑπ’

64 3450 147 3542 ούτήν
176 3455 252 3521 ἄνευ
281 3451 378 3522 αύτυῶ
405 3461 461 3522 καί
490 3461 587 3542 μόνου
621 3468 676 3522 τού
706 3463 820 3544 μέρους
848 3464 912 3519 τού
931 3453 1141 3541 Μαλιασηνοό
1171 3451 1316 3538 ἐνστηρι-

65 3578 184 3664 ίυμένσο
211 3585 270 3644 καί
305 3579 531 3667 ἐνισχοομένοο
565 3591 603 3670 τῆ
631 3583 763 3666 δυνάμει
792 3589 847 3666 τῆς
875 3582 1037 3665 παρούσης
1066 3577 1317 3665 χρυσοβουλλίου

63 3695 139 3785 ήμῶν
163 3713 298 3792 γραφῆς.
322 3713 414 3772 τούτο
438 3705 471 3769 έν
494 3701 513 3792 ή
539 3707 686 3790 βασιλεία
710 3727 770 3792 μου
794 3704 962 3790 ἐργάζεται
991 3705 1027 3766 τό
1054 3703 1155 3768 καλόν
1185 3699 1318 3786 ἀμειβο-

66 3827 131 3913 μένη
147 3829 201 3892 τόν
223 3825 324 3913 ἀνδρα
340 3837 396 3916 τῆς
414 3831 492 3915 πρός
506 3825 592 3916 ἡμᾶς
609 3828 795 3914 εἰλικρινοῦς
811 3825 936 3901 εύνοίας
953 3823 1051 3892 αύτυύ
1068 3830 1123 3890 καί
1140 3825 1319 3912 φιλοτιμίαν

14 4007 15 4066 η
67 3950 94 4010 τό
113 3961 245 4038 πρᾶγμα
269 3947 354 4039 αύτῷ
377 3954 647 4040 ότιδαήιλεύουσα
667 3953 793 4017 πολλῶν
816 3951 902 4027 ἀξιον
926 3955 1124 4037 τυγχάνοντα
1148 3959 1208 4012 τῶν
1232 3945 1320 4032 εύερ-

68 4086 179 4156 γεσιῶν,
205 4073 268 4162 οόχ
285 4071 332 4141 ὅτι
356 4079 452 4162 μόνον
476 4071 681 4163 εύγενογενής
698 4077 859 4142 πάντοθεν
883 4072 1013 4162 εύρηται
1034 4079 1090 4138 καί
1114 4071 1319 4157 γνησιογενής

14 4275 15 4306 φ
68 4203 205 4284 τυγχάνει
233 4211 271 4287 τῆ
297 4201 443 4284 βασιλεία
466 4223 541 4286 μου,
577 4195 643 4264 οὐδ’
667 4196 716 4264 ὅτι
740 4197 854 4284 ἀρετῆς
882 4203 1032 4270 παντοίας
1061 4195 1225 4267 ἀνάπλεώς
1254 4193 1321 4259 ἐστι

69 4325 115 4385 καὶ
137 4327 330 4411 στρατιώτης
355 4321 424 4412 ἅμα
446 4329 503 4388 καί
527 4327 720 4409 στρατηγός,
745 4327 896 4410 φρονήσει
918 4325 974 4385 καί
998 4319 1128 4406 ἀνδρεία
1150 4339 1320 4404 περιφρατ-
1448 4345 1449 4350 “

14 4461 16 4496 ι
71 4447 201 4529 τέμενος,
232 4443 376 4512 ἀλλ”ύτι
398 4451 455 4511 καί
481 4447 619 4518 πολλούς
644 4445 769 4527 ἀγῶνας
794 4444 825 4509 ἐν
849 4445 1012 4534 διαφόροις
1039 4443 1134 4531 ἤνυσε
1159 4456 1221 4516 τοῖς
1245 4463 1320 4507 και-

14 4631 16 4694 ρ
72 4579 126 4647 poi<
154 4565 230 4657 ὑπὲρ
266 4574 382 4659 ταύτης
415 4581 470 4657 τῆς
499 4567 549 4659 ὑφ’
576 4567 661 4657 ἡμᾶς
690 4566 880 4656 ῥωμαΐτιδος
908 4578 966 4655 γῆς
1000 4572 1056 4632 καί
1092 4566 1191 4633 ἀνύων
1227 4565 1320 4644 ἐστίν,

14 4699 16 4836 J
73 4693 133 4757 ἀνθ’
169 4692 210 4758 ὧν
239 4694 324 4771 ἄξιος
358 4695 482 4760 πολλῶν
511 4697 661 4781 τυγχάνει
689 4706 748 4759 τῶν
785 4692 918 4772 ἀγαθῶν
948 4690 1098 4778 ἀμοιβῶν.
1133 4695 1189 4756 καί
1223 4697 1322 4754 ταῦτα
