3238 5282
1270 273 1335 342 427

60 473 272 564 Μαλιασηνδν
306 478 359 540 τὸν
388 476 443 539 διά
477 483 532 540 τοῦ
565 477 659 540 θείου
692 477 749 538 καὶ
785 472 959 552 ἀγγελικοδ
995 474 1163 558 σχήματος
1197 469 1336 556 Ἰωάααφ

60 601 349 686 μετονομασθέντα
371 599 609 686 προσέδραμον,
637 595 690 662 ἵνα
713 597 905 683 ἀναδέξηταί
930 618 990 681 μου
1014 597 1050 660 τά
1075 604 1178 680 γῆρας
1201 597 1257 658 καί
1281 593 1337 678 την

61 726 182 811 ψυχὴν,
209 724 305 790 ένθεν
329 746 378 788 τοι
400 727 456 787 καί
479 725 514 788 τδ
538 717 610 809 παρ’
637 720 715 807 έμοῶ
739 724 959 807 κατεχόμενον
984 720 1127 804 μονίδιον
1151 721 1191 782 τὰ
1211 717 1338 790 ἄνωθεν

61 846 229 934 τίρημένον
265 851 321 912 καί
355 846 400 920 τίς
435 843 538 932 ὄνομα
573 850 750 932 τιμῶμενον
785 853 840 931 τῆς
875 841 1048 928 ὁτιραγίας
1083 845 1339 908 θευτόκου.και

62 968 145 1036 οὕτω
171 972 373 1057 καλούμενον
407 971 575 1050 Παναγίας
615 971 818 1056 παραδίδωμι
854 966 1048 1032 ἀπενττυθεν
1082 970 1138 1030 καί
1173 964 1206 1040 ἐξ
1240 963 1339 1050 αὐτῆς

62 1105 121 1181 τῆς
147 1099 289 1183 σήμερον
313 1095 359 1170 είς
383 1099 533 1183 μετόχιον
556 1098 637 1180 πρὸς
661 1095 717 1182 την
742 1096 922 1180 σεβασμίαν
952 1093 1096 1180 μεγάλην
1120 1092 1251 1178 γονικην
1275 1112 1337 1176 μυ-

64 1221 121 1304 νην
147 1227 205 1284 τοῶ
233 1223 527 1298 πανευγενεατάτου
561 1219 732 1306 Κυμνηνοῶ
767 1229 823 1283 τοῦ
858 1217 1069 1304 Μαλιασηνυῶ
1104 1223 1159 1280 τοῦ
1194 1215 1248 1280 διὰ
1281 1221 1338 1276 τοῦ

66 1345 159 1408 θείου
174 1347 232 1408 καί
256 1340 432 1422 ἀγγελικοῶ
450 1347 619 1430 σχήματος
638 1342 778 1431 Ἶωάσαιρ
802 1345 1113 1429 μετονομασθέντυς,
1139 1341 1195 1425 τήν
1218 1338 1339 1413 Ὀξείαν

64 1465 248 1553 Ἐπίυκεψιν
272 1471 328 1530 καί
353 1463 453 1541 υδτως
478 1464 721 1553 ὀνομαζομένην
744 1465 996 1552 Μακρινίτιασαν
1021 1462 1083 1550 οὐχ
1107 1461 1225 1546 ἀπλῶς,
1255 1460 1339 1528 ἀλλά

65 1594 146 1674 μετὰ
181 1595 441 1676 συνεσκεμμένου
469 1595 525 1654 καί
562 1595 837 1676 μεμεριμνημένου
871 1593 928 1654 καί
963 1587 1185 1675 ἀκριβωμένου
1216 1594 1339 1652 σκοποῦ

66 1717 121 1778 καί
142 1718 306 1800 παρουσία
330 1723 386 1778 τυῶ
410 1711 586 1779 ὁσιωτάτοο
610 1712 862 1800 καθηγουμένου
886 1723 942 1801 της
965 1713 1171 1800 δηλωθείσης
1196 1712 1340 1797 μεγάλης

65 1840 121 1900 καί
137 1839 319 1922 σεβασμίας
336 1846 435 1923 μονῆς
459 1840 698 1924 θεομητυρικῆς
715 1847 771 1924 τῆς
795 1837 920 1913 Ὀξείας
945 1835 1161 1922 Ἐπιακέψεως
1176 1839 1232 1898 καί
1257 1831 1338 1898 υάτω

66 1961 271 2046 καλουμένης
299 1959 559 2047 Μακρινιτίσσης,
596 1971 652 2026 του
685 1960 898 2047 ἱερομονάχου
927 1970 1024 2046 κυρυῶ
1049 1959 1262 2036 Ἀθαντσίου,
1298 1955 1337 2045 ἧς

70 2085 213 2172 μεγάλης
241 2088 298 2149 καί
321 2087 499 2170 σεβασμίας
527 2087 769 2172 θευμητορικης
797 2093 895 2172 μονῆς
919 2081 1055 2170 ὑπάρχει
1083 2081 1100 2147 ἀ
1125 2083 1250 2148 ἀνωθεν
1279 2085 1338 2170 δη-

69 2209 186 2282 λωθείς
213 2213 503 2288 πανευγενέατατυς
538 2208 708 2296 Κυμνηνάς
740 2205 756 2272 δ
785 2207 1005 2294 Μαλιασηνός,
1041 2205 1058 2272 δ
1086 2209 1141 2272 διὰ
1166 2217 1219 2271 τοῦ
1247 2210 1340 2272 θείου

69 2337 124 2396 καί
148 2331 323 2412 ἀγγελικυῶ
346 2335 514 2419 σχήματος
538 2332 677 2420 Ἶωάσαρ
706 2335 976 2418 μετονομασθείς,
1001 2335 1126 2419 κτήτωρ
1154 2336 1209 2396 καί
1237 2333 1341 2418 δομή-

70 2479 131 2542 τωρ
166 2461 224 2522 καί
258 2465 318 2522 τῶν
354 2454 385 2519 ὲν
422 2467 460 2542 τη
489 2459 622 2543 τοιαύτη
658 2469 741 2544 μονῇ
777 2455 874 2522 ὄντων
909 2455 1040 2543 ἐντίμων
1069 2461 1125 2521 καί
1161 2457 1342 2541 σεβασμίων

71 2577 287 2666 ίερομονάχων
317 2577 455 2667 ἀνδρῶν,
480 2589 535 2645 τοῶ
560 2579 775 2668 ἱερομονάχυο
799 2590 896 2667 κυροδ
924 2581 1108 2658 Ἀντωνίου,
1137 2590 1191 2645 τοῦ
1221 2578 1342 2666 ἐκκλη-

73 2709 206 2792 σιάρχου
242 2712 342 2790 κυροῖ)
376 2703 545 2782 Μελετίου,
580 2714 635 2769 τοῦ
671 2704 885 2791 ίερομονάχου
919 2714 1018 2791 κυροῶ
1054 2705 1252 2791 Κυπριανοῶ,
1289 2713 1343 2770 τοῦ

72 2826 285 2914 ἱερομονάχου
320 2837 419 2915 κυροῶ
447 2826 626 2913 Ἀρσενίου,
661 2837 716 2894 τοῦ
746 2827 959 2916 ίερυμονάχου
984 2837 1082 2914 κυροῶ
1106 2827 1342 2905 Γαλακτίωνος,

72 2963 125 3017 τοῶ
149 2951 365 3039 ἱερομονάχυυ
388 2962 485 3039 κυροῶ
509 2952 653 3025 Νίκωνος
677 2961 733 3018 τοῦ
756 2953 924 3032 Μπατίοῶ,
954 2961 1009 3016 τυῶ
1039 2951 1259 3038 ίερυδιακάνου
1282 2973 1342 3015 κυ-

73 3085 127 3162 ρυῶ
149 3073 370 3162 Λαζαρίτίοο,
406 3086 461 3141 τοῦ
490 3075 684 3162 δομεστίκου
719 3085 819 3162 κυροῶ
847 3076 1045 3162 Ναθαναὴλ,
1082 3085 1137 3140 τοῦ
1173 3076 1344 3160 οἰκονόμου

72 3209 169 3287 κυροῶ
203 3199 386 3278 Ὑακίνθου,
423 3207 478 3265 τοί)
513 3208 658 3286 μοναχοῶ
693 3209 793 3285 κυροῶ
825 3200 986 3288 Νέρωνος,
1021 3210 1076 3265 τοῶ
1104 3199 1211 3285 ἱερέως
1245 3208 1343 3286 κυροῶ

72 3322 233 3410 Γεωργίυυ
261 3329 317 3390 καί
345 3322 458 3410 έτέρων
482 3335 542 3388 τῶν
567 3326 609 3410 μη
635 3322 815 3412 γραφέντων
840 3326 894 3389 διά
918 3327 952 3388 τὸ
977 3325 1118 3411 πλῆθος,
1143 3299 1265 3389 ’λυιπάν
1288 3329 1346 3389 καί

71 3445 194 3535 ὀφείλει
223 3447 339 3534 ἀπάρτι
367 3452 423 3512 καί
458 3447 503 3522 εἰς
528 3451 562 3512 τά
592 3447 662 3535 έξης
686 3445 706 3535 ἡ
730 3449 917 3536 δηλωθεῖοα
946 3450 1072 3535 μεγάλη
1101 3453 1157 3514 καί
1181 3451 1346 3534 σεβασμία

72 3573 294 3660 θεομητυρικάγ
317 3572 396 3658 μονὴ
418 3567 558 3659 ἡὈΕεῖα
582 3573 767 3660 Ἐπίσκεψις
790 3577 846 3637 καί
871 3569 969 3646 οὕτως
988 3573 1250 3661 ἀπονομοιίυμένη
1268 3573 1343 3639 Μα-

69 3701 249 3782 κρινίτισσα
275 3701 427 3782 κατέχειν
454 3693 511 3759 καὶ
534 3697 739 3783 διακατέχειν
769 3696 815 3770 εἰς
839 3701 990 3784 μετάχιον
1018 3702 1053 3763 τδ
1077 3699 1226 3786 δηλωθὲν
1251 3697 1342 3783 μονί-

70 3821 138 3884 διον
164 3823 245 3906 μετά
275 3821 399 3886 πάντων
428 3829 488 3883 τῶν
512 3820 643 3884 δικαίων
679 3817 775 3885 αάτοῶ
799 3821 944 3886 παλαιῶν
969 3843 1002 3885 τε
1037 3827 1094 3886 καί
1116 3826 1195 3886 νέων
1222 3817 1346 3885 καλῶν

70 3947 227 4030 κέκτηται
264 3953 415 4029 κινητῶν,
455 3941 613 4029 ἀκινήτων
652 3949 707 4008 καί
747 3941 961 4032 αὐτοκινήτων
999 3949 1208 4031 πραγμάτων,
1247 3943 1345 4030 ἤγουν

72 4065 242 4154 δσπητίων,
267 4064 470 4154 ἀμπελώνων,
495 4061 796 4156 χωραριαίας’γι“ης,
826 4069 956 4151 βιβλίων
985 4079 1041 4154 τῆς
1065 4067 1242 4155 ἐκκλησίας
1266 4069 1347 4154 ψαλ-

73 4192 215 4278 λομένων
242 4193 299 4254 καί
329 4187 634 4275 ἀναγινωσκομένων
660 4195 718 4254 καί
745 4195 950 4276 ποσουμένων
980 4190 1166 4278 ἀμφοτέρων
1194 4190 1239 4264 είς
1262 4212 1344 4276 κομ-

73 4321 169 4402 μάτια
204 4313 308 4380 είκοσι
344 4317 452 4392 πέντε,
491 4315 671 4396 καλυβιτῶν
711 4324 771 4378 τῶν
810 4313 914 4380 ἐκεῖσε
951 4318 1245 4401 προσκαθημένων,
1282 4337 1346 4380 πα·
1396 4339 1401 4354 ¹

75 4443 190 4524 ροίκων
214 4449 319 4524 τριῶν,
343 4434 441 4524 ἤγουν
470 4445 526 4501 τυῶ
555 4435 706 4524 Εὐρήμη,
743 4445 801 4502 τοῦ
830 4437 990 4523 Γεωργίυυ
1013 4443 1070 4504 καί
1098 4447 1153 4504 τοῦ
1188 4438 1346 4517 Ἰωάννου,

76 4567 171 4650 μετάΙ
188 4568 246 4630 καί
273 4569 328 4628 τοῦ
357 4565 489 4625 στασίοο
525 4555 642 4639 αὐτῶν,
678 4561 770 4634 τέλος
800 4559 938 4647 ἐχόντων
970 4568 1151 4649 νομίσματα
1186 4560 1348 4649 ἀπέρπυρα

77 4693 231 4776 τέσσαρα,
269 4685 436 4772 έδὸθηυαν
472 4685 507 4749 δέ
544 4681 630 4750 οὗτοι
659 4685 702 4758 τίς
732 4689 766 4751 τὸ
796 4687 940 4772 μονίδιον
974 4692 1062 4773 παρὰ
1091 4699 1145 4755 τοῦ
1175 4689 1347 4776 πολλαχῶς
