3140 5306
280 563 442 636 CXXXIII.
458 567 536 636 Sine
550 588 642 650 anno,
659 589 765 638 menso
782 570 880 652 iunio,
896 571 963 639 ind.
980 571 1031 639 VI.

124 713 286 788 Imperator
300 715 409 772 Ιοακκε·
423 715 648 774 Βλσύιύοσαπιισι·
663 718 813 776 adiudicat
826 721 1019 792 ροτεεοείοιιεε
1034 719 1188 810 φείσομαι».

113 863 359 954 ήἝτερον
402 871 679 956 πρόσταγμα
726 869 1071 958 έπεκοριοτικόν
1118 882 1196 940 τού
1239 870 1287 939 ού

32 995 311 1077 προείπομεν
339 988 694 1081 Ῥαβδοιιανοίκη
723 989 832 1080 ὑπὲρ
861 1004 943 1060 τῶν
969 991 1117 1062 αύτῶν
1142 1019 1288 1086 χορα-

33 1113 664 1201 φίοντῶνΓοοναροπούλιον
691 1125 773 1182 τῶν
796 1115 1292 1208 εὶςτύνύημοσιάτην

32 1259 105 1301 τοτ
120 1241 235 1323 αμέν
257 1241 287 1320 ή.
720 1219 725 1230 ’

112 1359 192 1443 †‘0
215 1362 417 1450 βεστιαρίτης
436 1371 492 1450 τῆς
517 1363 681 1446 βασιλείας
703 1385 780 1450 μοο,
807 1363 953 1453 ’hamc
976 1362 993 1432 ὃ
1015 1362 1290 1454 Ῥαβύοειανάκης,

34 1480 187 1571 ύπέμνησε
206 1487 266 1572 τήν
284 1485 447 1570 βασιλείαν
471 1509 542 1572 μου,
566 1485 609 1560 ὥς
632 1485 683 1553 έπὶ
697 1499 762 1562 τοίς
784 1489 986 1576 διαφέρουσιν
1009 1486 1096 1576 αύτηῖ
1119 1489 1181 1556 ἀπὸ
1203 1513 1292 1578 προι-

33 1609 83 1680 τύς
110 1613 326 1696 χοραφιαίοις
354 1613 474 1683 τοπίοις
506 1607 539 1675 έν
567 1621 606 1698 τῇ
634 1614 811 1697 τοποθεσίφ
837 1621 892 1678 τού
920 1611 1123 1699 Δημοσιοίτοο
1142 1583 1292 1700 ποταμοῦ

35 1733 243 1819 διακειμένοις
274 1735 334 1798 καί
366 1735 453 1819 παρὰ
486 1742 541 1799 τού
568 1737 725 1820 πενθεροῦ
755 1733 851 1801 αὐτοῦ
880 1745 935 1802 τοῦ
961 1736 1142 1823 Βλαττερού
1171 1735 1293 1802 έκείνοο

34 1853 233 1943 έξσνηθεῖστν
263 1854 326 1922 ἀπὸ
352 1865 409 1922 τοῦ
435 1855 701 1944 Γοοναροπούλιον
728 1855 868 1946 ἠδικεῖτο
895 1863 981 1946 παρὰ
1009 1869 1064 1926 τού
1092 1865 1206 1947 μέροος
1237 1871 1295 1948 της

35 1983 210 2068 σεβασμίας
244 1989 345 2068 μονῆς
378 1991 439 2046 τῶν
466 1977 616 2068 Λέμβον·
642 1983 788 2070 έπειρᾰτο
824 1987 884 2070 γὰρ
912 1980 929 2048 ὁ
957 1985 1205 2071 καθηγούμενος
1238 1993 1295 2072 τῆς

36 2107 178 2192 τοιαύτης
207 2115 307 2192 μονής
335 2102 520 2172 ἀποσπάσαι
546 2113 647 2172 ταύτα
674 2104 706 2182 ἐξ
734 2103 831 2174 αύτού
858 2111 914 2172 καί
939 2107 1214 2196 ἰδιοποιήσασύαι,
1237 2113 1295 2173 καί

36 2229 81 2292 διὰ
107 2237 205 2294 τοῦτο
240 2225 410 2315 λτορίσατο
445 2227 575 2316 ὁρισμὸν
603 2239 659 2318 της
694 2231 860 2315 βασιλείας
885 2251 944 2318 μοο
972 2229 990 2296 ὁ
1020 2229 1295 2318 Ῥαβύοκσινᾰκης,

37 2351 247 2438 ύιοριζύμενον
269 2356 453 2441 τηρηύηνοιι
469 2353 695 2441 τήν·τοιαύτην
719 2349 872 2420 ύπύύεσιν
893 2359 980 2440 παρὰ
1002 2361 1057 2420 τοῦ
1080 2357 1297 2442 περιποθήτου

36 2478 239 2564 σογγιίμβροο
263 2485 320 2564 τής
344 2477 507 2561 βασιλείας
527 2498 602 2564 μου,
626 2479 744 2552 δοοκύς
766 2487 821 2543 τού
843 2481 989 2565 θέματος
1012 2489 1073 2544 τῶν
1096 2479 1297 2566 Θρακησίων,

35 2610 121 2686 τοροῦ
148 2600 298 2666 Ἰοάννοο
321 2600 429 2666 Δούκα
451 2609 507 2666 τού
522 2599 694 2688 Κοορτίκη,
719 2599 755 2676 ὃς
777 2605 834 2668 καί
855 2606 997 2690 τηρήσας
1020 2600 1117 2690 αύτήν
1138 2607 1298 2688 παροοσίη

34 2729 79 2790 καί
101 2733 163 2790 τοῦ
178 2727 432 2810 καθηγούμένοο
453 2733 512 2810 τής
534 2726 683 2814 τοιαύτης
700 2735 798 2814 μονῆς
820 2735 881 2790 τῶν
904 2723 1051 2812 Λέμβοιν,
1075 2723 1227 2812 έγνιύρισι
1250 2727 1299 2790 δι-

36 2851 224 2935 καιούμενον
252 2849 305 2912 σύν
328 2845 594 2934 Ῥαβδοκανιίνιην
617 2845 668 2914 έπί
690 2861 754 2922 τοίς
777 2850 930 2923 τοιούτοις
954 2855 1144 2937 χοραφίοις,
1168 2849 1218 2914 διὸ
1242 2848 1300 2914 καὶ

37 2971 193 3061 ἔγγραφον
217 2969 484 3036 ἀποκατάστασιν
507 2969 637 3058 έποίηστ
658 2975 736 3058 πρὸς
764 2968 869 3050 αύτύν,
894 2973 1175 3058 ύιαλαμβάνοοσαν
1198 2977 1297 3036 κατέ-

37 3101 156 3183 χεσθαι
177 3091 253 3182 παρ’
276 3091 373 3160 αύτού
397 3099 583 3162 τὰτοιαῦτα
606 3099 756 3184 χοιράφια
777 3101 834 3162 καί
858 3099 900 3183 μή
925 3097 1013 3184 ἔχειν
1037 3099 1205 3184 μιτοοσίαν
1229 3099 1299 3161 τινὰ

36 3224 63 3286 τί
87 3227 190 3309 μέρος
214 3228 270 3306 τῆς
299 3220 447 3307 τοιαύτης
469 3229 567 3307 μονῆς
591 3219 640 3286 λε’
665 3216 780 3294 αύτούς.
809 3218 933 3306 ἐδεήθη
956 3229 1032 3300 γοῦν
1055 3229 1110 3306 τῆς
1135 3219 1300 3304 βασιλείας

37 3367 89 3430 ροο
118 3343 139 3412 ὁ
169 3339 287 3431 ῥηθεὶς
310 3340 574 3429 Ῥαβδοκανάκης
602 3347 658 3408 καί
683 3339 819 3430 ὁρισμοῦ
853 3345 970 3431 ταύτης
999 3342 1166 3430 έπιτοχείν,
1190 3339 1300 3407 έπικο-

37 3479 164 3554 ροῦντσς
186 3468 243 3554 τήν
265 3467 413 3553 τοιαύτην
442 3466 601 3556 ἔγγραφον
623 3471 726 3552 κρίσιν
750 3489 783 3532 τε
807 3469 863 3532 καί
886 3464 1157 3533 ἀποκατάστασιν.
1177 3463 1200 3554 ή
1224 3475 1301 3546 γοῦν

37 3593 187 3675 βασιλεία
212 3609 273 3677 μοο
296 3591 352 3678 τήν
375 3589 483 3678 δέησιν
511 3585 607 3656 αύτού
629 3596 859 3677 προσηκαμίνη
883 3587 1047 3678 ηύδύκησε
1069 3593 1109 3655 τὰ
1132 3594 1203 3676 περί
1226 3593 1301 3655 τού-

37 3739 100 3794 τσο,
139 3711 221 3780 ὅθεν
254 3717 312 3784 καὶ
340 3711 482 3801 έτιιιοροί
504 3717 619 3800 ταύτην
646 3715 701 3780 διὰ
728 3723 784 3800 τῆς
810 3717 974 3802 παρούσης
1005 3717 1219 3800 προστάξεως,
1244 3717 1302 3778 καί

36 3842 208 3926 ύωρίζεται
230 3841 266 3904 τὸ
289 3841 420 3924 στέργον
444 3837 531 3924 ἔχειν
554 3842 611 3902 καί
634 3835 902 3924 ἆπαρσίύιραοστον
928 3841 1014 3904 κατὰ
1035 3841 1142 3912 πιέσας
1164 3843 1222 3910 τὰς
1243 3857 1302 3901 πε-

38 3967 180 4052 ρλήφεις
209 3967 266 4029 καί
293 3961 462 4038 διαστίξεις
490 3959 602 4048 αὐτῆς,
635 3959 717 4028 ὣστε
747 3963 950 4049 κατέχεσθαι
971 3959 1043 4048 παρ’
1072 3957 1168 4026 αύτού
1191 3983 1224 4024 τε
1247 3966 1304 4026 καί

38 4099 90 4154 τοῦ
121 4093 239 4178 μέροος
268 4081 366 4152 αὐτοῦ
393 4089 433 4151 τὰ
467 4096 599 4152 τοιαῦτα
625 4089 773 4173 χωραφισ
803 4083 1019 4173 ἀναφαιρέτος
1044 4107 1079 4149 τε
1102 4089 1158 4150 καί
1181 4083 1303 4148 ἀνατο-

39 4217 195 4292 στάσττις,
224 4209 287 4278 κᾶν
316 4213 396 4296 μετὰ
423 4210 479 4296 τήν
506 4210 654 4295 τοιαύτην
682 4207 784 4294 κρίσιν
812 4205 943 4294 ὁρισμὸν
970 4217 1027 4294 τῆς
1050 4208 1214 4290 βασιλείας
1243 4229 1303 4293 μοο

42 4338 209 4422 λτορίσατο
236 4338 273 4400 τύ
304 4339 400 4420 μέρος
428 4344 484 4421 της
510 4335 659 4419 τοιαύτης
688 4341 785 4420 μονής
812 4329 919 4416 έτερύν
946 4351 976 4396 τι
999 4331 1226 4417 Ιδιοριίύμενον,
1255 4327 1302 4419 ἐφ’

44 4461 144 4552 ᾥκαί
168 4459 292 4551 ὀφείλει
316 4454 333 4523 ὁ
357 4461 445 4524 κατὰ
477 4460 586 4544 χώρας
620 4455 754 4542 ένεργὸίν
782 4453 1078 4540 ἀντιλαμβάνεσθαι
1106 4463 1161 4520 τοῦ
1190 4457 1305 4540 μέροος

45 4597 95 4654 τοῦ
120 4585 373 4672 Ῥαβδοκανύκη
400 4584 455 4646 καί
478 4581 521 4667 μή
544 4591 749 4671 παραχωρεῖν
779 4581 813 4642 τύ
838 4581 932 4664 μέρος
955 4587 1012 4665 τῆς
1035 4577 1182 4664 τοιαύτης
1206 4587 1304 4662 μονῆς

49 4709 156 4778 ιἰύίττίν
183 4706 302 4784 αὐτον,
331 4703 453 4808 μᾶλλον
477 4709 533 4791 ρλν
557 4701 611 4770 οὖν
634 4707 691 4770 καί
713 4703 924 4788 οἰκονομῆσαι
945 4701 1082 4788 δοθῆναι
1109 4702 1186 4788 προς
1209 4699 1304 4768 αύτύν
