3190 5284
270 251 331 313 132

268 441 331 506 ἀπὸ
370 450 424 506 του
460 443 691 527 πανιερωτάτου
727 442 957 527 μητροπολίτου
992 436 1149 526 Σμύρνης,
1185 443 1281 522 κυροῦ
1305 433 1451 500 Ἰωάννου
1486 437 1549 496 τοῦ

268 565 385 642 Φωνᾶ,
415 569 450 629 τὸ
478 568 533 630 καί
557 568 739 630 ἀνασταθὲν
768 569 856 650 παρὰ
884 574 943 628 τῶν
968 567 1084 643 γονίων
1109 558 1198 648 ήμῶν
1222 564 1277 626 καί
1301 559 1346 632 είς
1371 556 1548 644 ἀμπὲλιον,

267 685 475 776 ἠθελήσαμεν
510 690 754 774 διαπράσασθαι
788 697 894 764 τοῦτο,
933 688 983 752 διὸ
1023 685 1177 774 ἀπέμεινα
1218 687 1444 770 μεμονωμένος
1484 684 1549 746 καί

270 812 336 898 ἔχω
364 817 420 877 καί
445 810 578 897 ἀπορίαν
602 814 751 898 παντελῆ,
775 811 832 876 καὶ
856 811 982 890 ὲγίνοτο
1007 815 1063 876 καί
1084 811 1128 883 είς
1151 814 1203 876 τὸν
1228 817 1368 874 τοιοῦτον
1394 806 1547 891 ἄμπελον

270 934 404 1020 ἀμέλεια
421 932 480 1000 οὐκ
504 933 608 1023 ὀλίγη,
633 939 687 1023 τήν
705 939 843 1022 σήμερον
859 939 1078 1022 πιπράσκομεν
1103 929 1180 998 αὐτὸ
1197 983 1205 999 .
1223 983 1230 1000 .
1247 983 1255 998 .
1273 983 1281 998 .
1306 931 1351 1006 είς
1375 928 1548 1015 ὑπὲρπυροι

270 1058 380 1140 ἐξάγια
403 1021 529 1138 ἕνδεκα,
555 1057 632 1124 ὡσεὶ
653 1061 769 1145 μυδίων
794 1056 828 1122 ὂν
852 1062 887 1124 τὸ
909 1057 1062 1146 ἀμπίλιον
1083 1059 1138 1122 δύο
1156 1107 1163 1122 .
1181 1107 1213 1124 ..
1240 1054 1375 1147 ὀφείλεις
1399 1055 1437 1118 δὲ
1463 1050 1548 1138 ὑπὲρ

270 1181 445 1256 ἐπιτελείας
475 1179 570 1248 αὐτοῦ
600 1187 656 1248 καί
682 1189 833 1248 παντοίου
858 1186 1039 1270 ζητήματος
1063 1185 1098 1246 τὸ
1123 1179 1194 1246 κατ’
1219 1179 1338 1254 ἔτος..
1357 1229 1391 1245 ..
1415 1182 1550 1244 νιοιιοιιοι

269 1311 410 1394 τέσσαρα
434 1328 465 1371 τι,
488 1329 513 1372 τ.
538 1309 565 1372 λ.
591 1306 646 1372 ἐὰν
670 1307 705 1370 δὲ
729 1331 776 1381 τις
801 1303 853 1395 ἀρ’
878 1303 966 1394 ήμῶν
988 1308 1136 1392 βουληθη
1160 1305 1334 1390 ἀνατρέψαι
1359 1307 1399 1368 τὰ
1428 1303 1550 1374 καλῶς

270 1427 600 1518 ήμῑνςάτοπραθὲντα
618 1481 624 1496 .
642 1481 676 1496 ..
707 1437 806 1518 ζημίη
834 1427 1077 1516 ὑποκειοόμεθα
1104 1427 1265 1514 θπὲρπυρα
1287 1406 1461 1514 τριάκοντα
1487 1429 1551 1490 καί

271 1557 306 1618 τὸ
331 1557 415 1618 κατὰ
444 1557 560 1640 νόμους
586 1553 630 1628 είς
654 1559 706 1622 τὸν
740 1555 894 1640 δημόσιον
927 1577 956 1620 τι.
987 1577 1012 1620 τ.
1043 1555 1070 1620 λ.
1107 1557 1216 1640 μηνὶ
1248 1548 1549 1636 ίαννουαρίιρ

270 1677 350 1742 ίνδ.
377 1675 688 1764 ια’τουμψήά
712 1677 802 1750 ἔτους
826 1699 855 1744 τι.
881 1701 906 1743 τ.
932 1679 959 1744 λ.
984 1682 1013 1780 5.

358 1817 533 1904 Μάρτυρες·
557 1818 691 1905 Μιχαὴλ
714 1817 732 1884 6
756 1819 895 1904 Πατίής,
920 1819 1066 1905 Ἰωάννης
1089 1816 1106 1882 6
1129 1818 1287 1905 Γαλίπης,
1311 1813 1445 1891 Ξὲνοςδ
1471 1817 1550 1883 Λοι-

275 1944 495 2028 ονιαριολίτης,
522 1941 538 2007 6
562 1942 771 2028 Τίουροολάς,
796 1943 959 2027 Θεόδωρος
983 1941 1000 2007 6
1023 1942 1189 2028 Ζωνοιράς,
1211 1940 1361 2027 Ἰωάννης
1389 1939 1406 2005 6
1430 1941 1551 2027 Πρου-

275 2069 379 2152 οουχ.
399 2115 407 2131 .
431 2071 460 2146 †.

285 2230 288 2238 ν
362 2197 539 2268 Subscriptio
561 2195 678 2253 ΙίΓιοοίαί
701 2199 755 2258 τοῦ
780 2189 1033 2275 Φιλονίυνηγίτου
1056 2198 1151 2252 eolica.

541 2453 646 2520 LXIV.
665 2453 893 2533 6767-1259,
910 2475 1016 2522 mense
1033 2454 1136 2540 aprili,
1152 2453 1216 2522 ind.
1234 2455 1272 2522 ΙΙ.

578 2601 661 2656 Irene
677 2603 825 2658 θαίιοίανεο
840 2607 1011 2658 monasterio
1028 2605 1119 2658 olivae
1135 2605 1239 2661 vendit.

363 2750 473 2830 †T6
508 2753 766 2839 πρατήριον
806 2755 1043 2843 ἔγγραφον
1082 2763 1159 2842 τῆς
1198 2758 1424 2835 γυναικὸς
1466 2765 1554 2820 τοῦ

275 2875 1554 2966 Σχολάρηὲνείνουκαίτῶνπαίδωναὸτωνχάριντῶν

274 3001 341 3074 είς
385 3003 459 3065 τὸν
503 2999 857 3086 Παρακάλαμον
900 2999 1042 3068 ὄντων
1093 3003 1295 3069 ὲλαϊκάνν
1338 3004 1555 3088 δένδρων

274 3121 417 3189 αὐτῶν
452 3129 481 3204 γ
559 3132 562 3137 ’

339 3265 493 3349 ¹Signa:
525 3265 662 3352 Εἰρήνης
690 3275 745 3352 τής
774 3269 907 3353 συμβίου
932 3267 1054 3334 ἐκείνου
1078 3279 1132 3334 του
1161 3267 1314 3356 Σχολάρη
1342 3273 1397 3334 καί
1431 3267 1553 3334 Ἰωάν-

274 3388 522 3459 νουΝινιολάοο
553 3401 613 3456 τῶν
642 3388 713 3454 υἱῶν
743 3387 853 3470 αὐτοῦ,
882 3391 980 3456 Ξὲνου
1009 3402 1063 3458 τοῦ
1088 3393 1333 3480 μελλογοίμβρου
1357 3389 1460 3458 αὐτῶν
1489 3398 1555 3458 νιαί

274 3511 393 3598 Ἂννης
419 3521 474 3594 γῆς
499 3515 632 3598 σομβίοο
656 3509 751 3578 αὐτοῦ
775 3519 832 3580 νιαί
854 3517 1014 3602 θυγατρὸς
1038 3513 1149 3582 αὐτῶν.

363 3655 383 3730 †
411 3651 462 3736 ῗΕν
492 3650 623 3738 ὀνόματι
651 3676 680 3720 π.
712 3678 736 3720 τ.
761 3657 789 3720 λ.
818 3654 935 3744 Εἰρήνη
959 3653 978 3744 ή
1004 3659 1136 3742 σάμβιος
1160 3656 1282 3725 ἐκείνου
1307 3667 1361 3724 τοῦ
1389 3656 1552 3746 Σχολάρη

276 3779 333 3840 καί
362 3774 391 3838 οί
424 3775 535 3848 παῖδες
566 3777 689 3841 ἐκείνου
706 3827 712 3841 .
732 3829 764 3842 ..
794 3781 848 3864 τήν
877 3789 1040 3866 παροῦσαν
1067 3781 1225 3869 ἔγγραφον
1249 3787 1304 3848 καί
1328 3781 1553 3868 ἐνυπίγραρον

396 3909 508 3984 πρᾶσιν
545 3911 603 3964 τῶν
638 3903 787 3966 κάτωθεν
816 3903 1094 3990 δηλωθησομὲνων
1130 3905 1550 3992 ἐλαῐνιωντδὲνδρων....

276 4031 427 4106 ποιοῦμεν
449 4073 456 4086 ,
480 4073 486 4086 .
510 4073 547 4086 ..
582 4026 659 4108 πρὸς
689 4025 742 4110 τήν
768 4027 944 4113 σεβασμίαν
973 4033 1029 4092 καί
1054 4027 1146 4108 ἁγίαν
1175 4030 1340 4118 βασιλικήν
1365 4031 1462 4116 μονήν
1488 4039 1553 4116 τῆς

280 4142 457 4230 ὑπεράγνου
491 4143 579 4234 ἡμῶν
616 4149 775 4212 θεοτίωιου
809 4155 865 4214 καί
900 4149 946 4215 ἐπ’
976 4149 1106 4238 δνάματι
1135 4164 1190 4240 της
1218 4152 1460 4240 Λεμβιωτίσσης
1489 4161 1553 4219 καί

278 4271 354 4353 πρὸς
378 4273 430 4334 τὸν
456 4267 487 4334 ἐν
513 4266 592 4356 αὐτή
614 4267 878 4358 ήγουμενεύοντα,
901 4281 1137 4342 πανοσιάιτατον
1162 4273 1318 4364 αὐθέντην
1342 4281 1397 4341 καί
1420 4281 1553 4363 πατέρα

278 4387 379 4478 ήμῶν,
410 4390 618 4478 ἱερομόναχον
647 4405 705 4479 κάρ
734 4394 889 4482 Κυριλλον
918 4419 947 4462 τι.
978 4421 1004 4464 τ.
1034 4401 1062 4464 λ.
1093 4404 1147 4464 καί
1175 4403 1235 4487 γὰρ
1264 4399 1332 4466 ἐπεί
1356 4401 1502 4488 ἔφθασεν
1532 4401 1552 4468 6

279 4511 358 4600 ἀνήρ
388 4537 447 4600 μου
476 4514 595 4590 ἐκεῖνος
623 4523 677 4582 καί
706 4521 826 4586 δὲδωνιε
854 4526 930 4609 πρδς
958 4525 1013 4610 τήν
1042 4518 1196 4609 ῥηθεῖσαν
1225 4526 1340 4612 ταύτην
1365 4527 1553 4612 σεβασμίων

278 4640 334 4700 καί
358 4633 450 4715 ἁγίαν
476 4641 642 4728 βασιλικήν
667 4645 763 4730 μονήν
782 4647 896 4730 δένδρα
919 4650 957 4712 τὰ
983 4648 1016 4711 ἐν
1040 4647 1083 4732 τῷ
1099 4647 1330 4735 Παρακαλάμιρ
1354 4645 1442 4726 ὄντα,
1468 4647 1552 4734 ὅπερ
