3140 5306
262 489 378 557 CXLV.
397 491 627 570 6802-1293‚
645 511 750 557 ιυοοευ
766 491 935 570 novembri,
954 489 1017 558 ind.
1037 489 1100 557 VII.
1231 579 1233 582 Ι

19 715 20 718 ¹
57 638 161 692 Incolae
177 637 333 694 Νεοελονίί
349 641 521 710 promittunt
540 658 570 694 σε
590 657 647 694 που
663 649 787 694 moturos
802 658 860 695 τετε
881 641 957 694 litem
970 641 1005 696 άε
1017 641 1124 712 ,παίδων
1140 643 1315 718 ιιιοτεαειοτίύ.

19 783 20 838 Ῐ
130 787 1315 876 γΓράμμαύποσχετικόντύνλποίιιυντούΝεο-

19 919 237 1000 χωρίου,
266 912 341 978 ἵνα
370 914 583 1000 μηύόλυίς
611 915 882 1000 τολμήσωσι
909 918 1089 981 πώποτε
1119 925 1317 1002 κινῆσαι

57 1038 184 1116 λόγον
212 1039 806 1124 κατὰτούπλησιάζοντος
832 1034 1217 1124 αύτιῐινιτεριύρσυ
1241 1048 1315 1125 της

59 1170 191 1247 τινος
215 1165 246 1242 †·
513 1237 514 1240 ι

130 1282 285 1370 γἯμεῑς
313 1282 344 1348 οἱ
371 1284 494 1350 ἔποικοι
523 1293 577 1348 τού
605 1284 807 1373 Νεοχωρίοτ,
832 1281 906 1351 ὅτε
934 1285 1099 1372 Θεόδωρος
1122 1285 1140 1352 ύ
1163 1286 1311 1374 Πολίτης,

55 1407 211 1494 θεόόωρυς
235 1405 252 1474 ό
277 1407 499 1495 Ζουλουχίνης,
523 1407 666 1494 Νικητας
690 1405 708 1474 ό
730 1407 920 1496 Λιμβάτης,
942 1408 1076 1496 Μιχαὴλ
1099 1406 1116 1476 ὁ
1139 1409 1310 1496 Μαυροπό-

57 1533 116 1616 ίης,
138 1530 290 1618 Ἰωάννης
317 1530 589 1613 όΒουλγησαῖος,
615 1529 771 1616 Γεόργιος
794 1528 811 1596 ό
834 1530 1073 1618 Βουλγησαίος,
1103 1531 1267 1606 Νικόλαος
1293 1532 1310 1598 ό

58 1655 272 1743 Ζουλουχίνης,
296 1655 533 1729 Κυνσταντίνος
557 1654 765 1742 θ’λμπτλάς,
788 1653 922 1741 Μιχαηλ
942 1652 959 1720 ό
982 1652 1132 1742 Εύμτνός,
1157 1655 1310 1744 Μάνουηλ

55 1776 223 1860 ίλίαννός,
248 1779 395 1868 Ἰωάννης
417 1779 434 1846 ό
458 1781 606 1868 Πολίτης,
630 1777 647 1846 ό
671 1779 778 1866 ἕτερος
803 1779 943 1866 Πολίτης
965 1779 1142 1860 Νικόλαος,
1167 1781 1312 1868 Ἰωάννης

59 1899 251 1990 ύΣυριγμης
284 1907 341 1968 καί
375 1902 405 1968 οί
437 1901 542 1990 ἕτεροι
576 1901 821 1990 ύπισχνούμεθα
854 1904 908 1967 διὰ
942 1911 997 1988 της
1032 1907 1193 1988 παρούσης
1223 1901 1311 1990 ἡμῶν

58 2035 176 2113 γραφῆς,
203 2023 254 2091 ύτι
278 2026 362 2112 εἴπερ
386 2024 443 2112 όψί
466 2047 543 2092 ποτε
567 2027 777 2112 βουληθῶμεν
805 2027 845 2090 δι’
870 2024 970 2110 ύχλου
993 2029 1231 2110 καθυπυβαλεῐν
1256 2031 1311 2112 τὴν

59 2151 224 2236 σεβασμίων
250 2152 419 2238 βασιλικὴν
443 2153 541 2237 μονὴν
565 2161 626 2216 τῶν
649 2148 785 2236 Λέμβοιν
810 2153 860 2216 ἐπί
883 2151 924 2236 τῴ
954 2155 1100 2236 προσόντι
1123 2149 1167 2222 εὶς
1194 2153 1310 2236 ταύτην

58 2275 228 2354 παλαιγενεῖ
253 2277 388 2360 τερτόρῳ
422 2273 465 2361 τῷ
490 2274 695 2360 πλησιάζοντι
722 2273 764 2362 τῴ
792 2275 971 2360 δηλωθέντι
998 2279 1104 2360 χωρίῳ
1137 2270 1236 2360 ἡμῶν,
1267 2273 1308 2336 δι’

60 2391 137 2484 ούτερ
158 2399 368 2486 πλησιασμού
391 2393 594 2483 ἐπειρώμεθα
618 2394 767 2484 ἀνάρχως
790 2401 846 2461 καί
868 2401 955 2483 παρὰ
977 2399 1079 2462 πάντα
1103 2397 1227 2462 δίκαιον
1251 2398 1307 2460 λό-

59 2538 101 2594 γον
115 2519 175 2625 ριαὶ
204 2521 424 2608 εἰσερχόμεθα
451 2523 507 2584 καί
529 2524 771 2606 καττκάμνομεν
796 2523 835 2584 τὰ
860 2517 947 2594 ἐντός
976 2529 1030 2584 τού
1059 2517 1224 2606 εὶρημίνου
1246 2541 1305 2586 πε-

59 2646 144 2728 ριόρου
158 2648 402 2732 περιυριίόμενα
417 2647 576 2732 χυράρια,
602 2647 658 2708 καί
683 2641 828 2708 ἐντεῦθεν
847 2641 1021 2730 ἀνηνεγκον
1045 2647 1083 2706 τόι
1099 2648 1169 2728 περί
1193 2646 1303 2708 τούτου

59 2765 91 2848 τύ
112 2767 254 2853 κραταιῷ
276 2765 333 2832 καί
360 2765 441 2852 άγίιρ
465 2770 553 2854 ημῶν
589 2763 730 2852 αύθίντη
753 2771 810 2831 καί
833 2767 958 2848 βασιλεῖ
985 2764 1015 2830 οἱ
1042 2764 1074 2829 ἐν
1099 2778 1137 2854 τη
1160 2788 1301 2852 προανα-

58 2897 247 2978 τερονημίνη
272 2901 352 2980 μονη
377 2889 569 2976 ἀσκούμενοι
593 2894 738 2976 μοναχοί,
764 2895 820 2955 καί
844 2887 990 2975 ἀπελύθη
1015 2893 1103 2954 θεῖον
1126 2893 1183 2953 καί
1204 2911 1303 2975 προσ-

59 3019 169 3100 κυνητόν
191 3019 384 3102 πρόσταγμα
406 3017 482 3099 πρός
506 3017 558 3078 τόν
581 3009 812 3096 πανσὲβαστυν,
840 3015 996 3096 σεβαστόν
1020 3011 1138 3076 οἰκεῖον
1160 3024 1199 3099 τη
1222 3034 1303 3098 κρα-

59 3138 120 3222 ττιη
142 3145 200 3205 καί
224 3139 303 3224 ἁγία
326 3134 422 3203 αύτού
446 3138 594 3221 βασιλεία
616 3141 672 3200 καί
694 3138 801 3222 κύριον
822 3132 921 3223 ἡμῶν,
946 3139 998 3200 τόν
1025 3135 1213 3220 δομίστικον
1238 3147 1299 3200 τῶν

60 3255 234 3328 ἀνατολικῶν
256 3265 416 3348 θεμάτων,
441 3257 524 3334 ὅπως
548 3259 586 3325 ἂν
609 3264 743 3346 πέμψειε
765 3263 822 3323 καί
845 3263 1016 3346 τηρησαιεν
1039 3262 1079 3322 τά
1102 3268 1157 3323 τού
1178 3261 1297 3346 προδη-

59 3380 196 3462 λυθὲντος
223 3389 382 3472 περιόρου,
408 3383 425 3448 ό
448 3385 488 3470 θη
512 3387 568 3448 καί
594 3389 766 3468 πεποίηκεν
791 3387 848 3447 καί
875 3381 1074 3457 ὲξατίστειλε
1101 3383 1216 3468 δικαίῳ
1241 3381 1297 3450 αύ-

59 3515 98 3568 τού
118 3512 166 3574 τόν
190 3509 253 3575 ἀπό
274 3519 334 3574 τῶν
358 3509 531 3592 βασιλικῶν
555 3509 758 3592 βεστιαριτύν
775 3505 1067 3590 μεγαλοδοξότατον
1090 3515 1149 3592 κύρ
1171 3506 1298 3572 Λέοντα

59 3630 96 3692 τόν
115 3631 386 3720 Μυναστηριύτην,
410 3636 466 3697 τιαί
495 3629 629 3718 ἐτήρησε
657 3635 696 3694 τὰ
719 3639 773 3694 τού
797 3631 940 3694 τοιούτου
963 3632 1120 3715 περιόρου,
1144 3635 1201 3696 καί
1225 3627 1296 3716 εύρε

58 3760 123 3838 ταρὰ
142 3763 193 3825 τόν
218 3767 273 3822 τού
296 3758 422 3822 δικαίου
446 3756 541 3834 λόγον
556 3759 765 3842 πειρωμένους
791 3750 877 3840 ἡμᾶς
899 3756 956 3819 καί
970 3757 1054 3818 κατὰ
1077 3755 1172 3834 λόγον
1196 3755 1293 3820 δονα-

59 3883 151 3960 οιείας,
173 3881 217 3956 ὣς
241 3880 328 3954 ἐντός
351 3889 406 3944 τού
431 3879 694 3966 προδηλωθίντος
716 3881 862 3964 τεριόρου
890 3883 1180 3964 καταγεγραμμόνα
1208 3875 1292 3962 εύρι-

60 4005 187 4088 οιίμενα,
216 4009 256 4070 τόι
282 4005 355 4090 παρ’
377 4002 466 4091 ἡμῶν
498 4004 715 4089 πεπειρᾶσθαι
742 4005 902 4090 χωράφια,
928 3997 1019 4088 ἡμεῖς
1046 4001 1082 4065 δὲ
1110 4001 1185 4087 μηδ’
1209 3999 1291 4066 ὁπω-

60 4135 137 4192 ττιιύν
163 4129 294 4216 ἔχοντες
320 4127 341 4216 ἢ
368 4124 625 4199 ὑποδεικνύοντες
652 4125 798 4213 χαρτῷον
826 4125 1001 4211 δικαίωμα,
1030 4123 1083 4188 διὰ
1111 4132 1203 4188 τούτο
1234 4129 1291 4190 καί

58 4248 81 4308 τύ
98 4259 181 4337 κύρος
205 4257 261 4318 καί
288 4249 418 4336 στέργον
441 4253 497 4314 καί
530 4248 675 4336 ἐνεργοῦν
702 4249 862 4334 προσηξαν
896 4246 952 4312 καί
974 4249 1218 4333 προσεκόρωσαν
1248 4251 1297 4334 τῷ·

58 4369 182 4452 πολλάκις
210 4377 390 4462 όηλωθίντι
415 4377 565 4460 περιόριρ,
593 4369 679 4460 ἡμᾶς
702 4373 737 4437 δὲ
767 4369 953 4456 ἀπέπεμψαν
980 4368 1023 4443 ὡς
1046 4374 1132 4456 παρὰ
1155 4374 1208 4436 τόν
1232 4381 1287 4436 τού

59 4487 153 4563 λιιτίου
175 4501 270 4579 λόγον
293 4503 513 4584 πειρωμένους.
538 4495 604 4562 ἐπεί
627 4499 684 4562 καί
699 4497 752 4560 διὰ
775 4502 866 4558 τούτο
890 4494 1058 4578 διέκριναν,
1081 4490 1134 4558 ἵνα
1159 4491 1285 4558 ἀποδώ-

62 4631 130 4698 νομεν
149 4629 202 4687 καί
225 4623 280 4706 τήν
304 4631 364 4684 τῶν
388 4618 556 4707 χωραηίων
578 4617 703 4704 μορτην,
728 4615 769 4681 ὧν
795 4613 983 4703 ἐφθάσαμεν
1008 4620 1059 4681 τόν
1082 4617 1284 4702 παρελθόντα
