3140 5284
294 267 356 328 1⁴4

288 467 480 543 κρατοῦντος
509 460 560 520 τόν
590 453 683 521 αότόν
712 454 792 542 όέρα
820 461 898 542 πρός
927 456 1034 535 όλίγον
1063 461 1119 521 καί
1149 455 1400 542 ἀκοομβίίοντος
1432 455 1477 531 τίς
1508 459 1557 546 τὴν

291 583 411 668 στήλην
435 583 489 668 τὴν
512 581 692 668 βασιλικὴν,
717 584 769 645 τόν
794 589 914 666 μαῦρον
934 587 1039 659 κίονα,
1064 581 1319 666 συνεπαγόμενον
1343 583 1397 646 τόν
1422 591 1557 646 τοιοῦτον

291 704 371 792 όόρα
387 709 442 770 καί
467 704 722 790 ἀκυομβίίοντος
744 705 788 778 είς
811 709 864 769 τόν
880 709 1023 790 ποταμόν
1047 707 1099 769 τόν
1122 701 1254 790 Ἕρμον,
1280 705 1341 770 εἶθ’
1359 702 1459 778 οὕτως
1483 703 1557 770 ἀνα-

291 832 453 901 κλίνοντος
486 833 564 915 πρός
593 827 761 905 ἀνατολὰς,
796 837 989 914 κρατοῦντος
1017 851 1053 893 το
1086 831 1263 914 μονοποίτον
1288 831 1322 892 τό
1358 827 1557 914 ἀπαγόμενον

292 953 338 1028 εἰς
362 956 396 1018 τό
420 953 592 1038 κατάλυμα
615 961 670 1017 τοῦ
694 953 897 1040 Ἀριστηνοῦ,
922 952 1005 1017 ἔνθα
1029 955 1085 1016 καί
1107 948 1290 1038 ἠρξάμεθα.
1318 963 1373 1038 τὴς
1399 962 1475 1032 γοῦν
1498 975 1557 1016 τοι-

292 1080 390 1164 αῦτης
426 1087 484 1164 γῆς
513 1086 568 1163 τὴς
595 1074 639 1140 δι’·
670 1073 804 1161 ὁρισμοῦ
833 1086 887 1140 τοῦ
924 1071 1081 1140 αόθὲντου
1108 1073 1196 1162 ὴμῦν
1232 1083 1286 1140 τοῦ
1311 1077 1472 1160 βασιλέως
1507 1085 1557 1140 τοῦ

293 1197 386 1282 ἁγίου
401 1201 605 1286 όωρηθείσης
628 1211 666 1286 τη
684 1201 813 1286 τοιαότη
839 1211 920 1285 μονὴ
941 1201 1140 1286 περιωρίσόη
1164 1196 1236 1284 παρ’
1258 1195 1359 1286 ὴμῶν,
1383 1197 1483 1285 ἤγουν
1506 1209 1556 1264 τοῦ

289 1325 562 1412 παλατορῦλακος
593 1321 765 1389 Βασιλείου
800 1331 854 1387 τοῦ
889 1323 1146 1388 Παπαδοποόλου
1175 1321 1323 1409 Μιχαὴλ,
1360 1331 1416 1386 τοῦ
1448 1321 1556 1388 Καλο·

290 1452 471 1535 στρατὴγου
498 1447 739 1513 Κωνσταντίνυυ
763 1450 818 1511 καί
841 1455 896 1512 τοῦ
919 1457 1113 1532 πρωτοπαπᾶ
1136 1445 1270 1533 Μιχαὴλ
1293 1453 1349 1510 τοῦ
1372 1445 1554 1533 Μυσχηνοῦ,

289 1577 346 1638 καί
381 1571 690 1656 ἀποκατεστὴσαμεν
723 1568 823 1658 αὐτὴν
859 1569 908 1635 ἐπί
943 1573 1050 1654 τελείορ
1078 1569 1351 1636 ἀπυκαταστάσει.
1378 1567 1432 1635 ἐπί
1460 1572 1553 1654 τοότρ

290 1700 350 1781 γὰρ
379 1695 521 1775 ἐγεγόνει
544 1700 600 1760 καί
628 1693 645 1759 ό
674 1697 780 1780 παρὼν
808 1697 1011 1780 περιορισμός
1039 1691 1087 1768 είς
1114 1693 1299 1782 ἀσφάλειαν.
1315 1697 1436 1781 μηνί
1470 1692 1552 1757 ἰου-

287 1819 471 1904 λίῳίνό.
496 1819 535 1883 δ’.
559 1823 587 1900 †.

373 1975 458 2058 †‘0
489 1977 686 2063 εὐτελὴς
723 1973 883 2062 ἱερεός
917 1979 996 2039 καί
1024 1977 1221 2062 νομικός
1253 1986 1331 2064 τὴς
1367 1973 1551 2064 όνορίας

288 2099 473 2187 Λεῦκης
501 2105 579 2164 καί
608 2099 885 2166 Κουκοόλου
914 2103 992 2163 καί
1024 2111 1336 2184 πρωτοπαπυίς
1369 2099 1550 2186 Μιχαὴλ

290 2224 306 2289 ό
350 2223 600 2310 Μοσχηνός
643 2225 717 2287 τόν
764 2226 973 2308 παρόντα
1022 2225 1334 2310 περιορισμὸν
1379 2229 1549 2310 γράψας

290 2347 534 2434 όπὲγραψα
568 2349 596 2428 ὴ

375 2514 395 2590 †
436 2508 547 2596 Εἶχε
590 2511 668 2574 καί
711 2487 912 2572 όπισθεν
962 2516 1115 2572 ταῦτα·
1166 2512 1273 2596 μηνί
1315 2505 1547 2592 όκτωβρίρ

287 2633 329 2722 η’,
357 2630 505 2722 ὴμὲρα
533 2633 558 2698 δ’
589 2631 670 2698 ίνδ.
705 2633 727 2720 ε’
760 2631 832 2696 ἐπί
866 2637 1101 2716 παρουσία
1129 2643 1210 2696 τιῦν
1239 2633 1546 2719 θεοφιλεστά-

286 2775 368 2822 των
403 2741 639 2848 κληρίκοῦν
673 2754 752 2820 καὶ
788 2754 1026 2842 ἀρχόντων
1062 2764 1140 2842 τὴς
1175 2753 1444 2842 ἁγιωτάτης
1478 2777 1546 2840 μη·

286 2880 795 2968 τρυπόλεωςΣμόρνης,
832 2888 908 2943 τοῦ
945 2901 989 2944 τε
1024 2881 1376 2965 πρωτοψοίλτου,
1412 2887 1543 2964 κοροῦ

283 3003 520 3092 Γεωργίοο
555 2975 631 3068 τοῦ
666 3003 892 3090 Σαμουὴλ,
929 3012 1005 3068 τοῦ
1038 3005 1376 3088 πρωτεκδίκυυ,
1411 3011 1542 3087 κυροῦ

283 3109 645 3196 Κωνσταντίνου
684 3135 760 3220 τοῦ
802 3125 1041 3211 Καθαροῦ,
1086 3137 1162 3194 τοῦ
1207 3125 1368 3213 ἱερόως
1412 3134 1542 3212 κυροῦ

285 3227 1224 3343 Λέοντοςτοῦ”Σκυρτζίὸηκαίέτὲρωνὴ.
1318 3317 1325 3324 ,

368 3408 447 3489 †‘0
474 3411 582 3494 παρὼν
605 3411 806 3495 περιορισμός
830 3417 891 3474 τῶν
920 3407 1006 3481 ἐντός
1030 3409 1233 3495 δηλουμένων
1258 3415 1428 3498 χωραρίων
1455 3427 1540 3492 προσ

281 3535 451 3617 κομισθείς
479 3530 551 3619 ὴμίν
579 3538 665 3618 παρὰ
698 3542 753 3597 τοῦ
780 3537 1018 3598 πανοσιωτοίτου
1047 3531 1079 3596 ἐν
1109 3531 1332 3619 ίερομονοίχοις
1359 3538 1416 3597 καί
1439 3533 1539 3615 καόη·

280 3661 434 3742 γουμὲνοο
463 3666 518 3742 τῆς
547 3660 724 3742 σεβασμίας
750 3657 918 3741 βασιλικῆς
943 3666 1040 3743 μονὴς
1068 3667 1128 3720 τῦν
1156 3655 1301 3742 Λόμβων,
1326 3667 1424 3744 κυρυῦ
1446 3657 1539 3740 Γερα-

281 3786 384 3866 οίμυο,
410 3785 591 3866 σωζομένου
615 3788 670 3844 τοῦ
695 3777 832 3866 ἀζημίυυ
848 3789 904 3866 της
927 3775 1004 3844 καθ’
1027 3777 1112 3866 ἡμᾶς
1137 3783 1359 3867 μητροπόλεως
1383 3783 1428 3856 είς
1451 3785 1487 3845 τὰ
1509 3779 1538 3842 ἐν

279 3907 323 3991 τῷ
348 3909 464 3990 κόμπῳ
493 3914 548 3970 τοῦ
575 3901 828 3989 Μεμανιωμόνου
866 3904 1057 3990 διαφέροντα
1087 3899 1168 3990 αότὴ
1202 3908 1350 3991 χωροίφια
1385 3906 1536 3989 ἐπεγράφη

278 4033 334 4094 καί
356 4027 430 4114 παρ’
453 4026 542 4116 ἡμῶν
566 4025 636 4092 κατ’
662 4027 798 4101 ἔντευξιν
823 4038 878 4092 τοῦ
897 4023 1052 4114 ῥηθέντος
1075 4031 1325 4114 καθηγουμένου
1350 4027 1395 4103 είς
1417 4031 1536 4094 πλείονα

279 4151 456 4242 ἀσφάλειαν
482 4157 589 4238 μηνί
613 4150 915 4228 καίίνδῃοῐς
939 4157 1438 4239 προγεγραμμένοιςγ.

365 4311 615 4399 ’γὉμητρο
655 4313 821 4396 ολίτης
850 4307 1368 4397 ΣμύρνηςΡεῦργιοςγ.
1404 4395 1418 4411 ,
