3140 5306
1269 283 1333 346 213

52 475 115 532 τῶν
150 471 291 536 έτοίκων
319 471 510 562 Σμύρνηςῆ
538 483 598 540 τῶν
625 477 712 560 πέριξ
742 479 917 562 προσώπων
944 473 1140 561 ἀρχοντικων
1163 473 1183 562 ἢ
1210 474 1331 561 έκκλη-

52 603 240 660 σιαστικῶν
263 591 284 682 ἢ
308 605 364 662 τού
388 601 502 683 μέρους
522 605 577 662 τυύ
599 595 835 686 Μαντειανούῆ
859 605 914 663 τού
937 595 1051 663 Πύθου
1073 596 1093 685 ἢ
1118 596 1228 682 έτὲρου
1251 601 1332 671 τινύς

52 713 256 784 ἀποσπάσαι
284 741 313 784 τι
347 717 384 788 δκ
413 731 473 786 τῶν
501 718 657 808 ἀκινήτων
687 724 882 808 πραγμάτων
912 729 968 808 τῆς
991 723 1139 808 τοιαύτης
1167 721 1334 808 βασιλικῆς

52 851 162 928 μονῆς
179 853 244 907 τῶν
261 841 570 932 έμπεριειλημμένων
594 843 627 909 έν
648 857 712 919 τοῖς
731 845 982 932 χρυσυβούλλοις
1004 849 1061 910 καί
1084 855 1148 917 τοῖς
1170 847 1334 930 προστάγ-

52 985 158 1050 μασιν
198 963 314 1056 αύπης,
349 967 378 1034 εί
404 968 441 1034 δέ
467 973 524 1034 καί
552 968 598 1035 ἔτι
624 971 797 1056 διωρίῑιτυ,
821 970 975 1058 τολμησει
1000 991 1047 1044 τις
1075 967 1112 1036 ὲκ
1140 977 1195 1034 τού
1220 975 1335 1055 μέρους

52 1099 110 1154 τού
137 1089 370 1180 Κωνστυμυίρη
397 1091 418 1180 ἢ
442 1102 497 1158 τού
521 1091 634 1158 Πύθου
658 1091 833 1182 ένυχλῆσαι
856 1105 896 1182 τῇ
919 1095 1050 1180 τοιαύτη
1075 1105 1171 1180 μυνη,
1195 1091 1257 1158 είτε
1281 1093 1334 1158 διὰ

50 1215 107 1278 τύν
134 1213 330 1300 ἀμπελῶνα,
354 1213 415 1281 εἴτε
430 1217 485 1281 διὰ
508 1219 548 1282 τὰ
571 1220 721 1306 χωρύρια
736 1220 775 1282 τὰ
799 1215 832 1283 έν
855 1215 1008 1305 τηΙΒιίρη
1025 1218 1214 1304 διακείμενα
1238 1213 1255 1304 ἢ
1280 1217 1334 1281 διὰ

51 1342 233 1424 πάροικον,
272 1341 473 1428 ζημιωθῆναι
506 1337 628 1428 δρκίλει
660 1343 701 1406 τὰ
736 1339 769 1406 ίν
806 1343 851 1426 τηῖ
888 1345 1095 1428 προγεγονύτι
1132 1339 1333 1427 διοριζόμενα

51 1459 185 1551 δρισμῷ
209 1465 301 1549 παρὰ
324 1472 379 1528 τού
444 1512 1332 1532 .................

143 1593 285 1668 Μύρινα
299 1594 410 1658 domm,
423 1595 498 1666 solio
512 1611 569 1651 εενιυ
584 1611 599 1650 ο
616 1594 675 1653 τού.
692 1597 823 1654 σκοτίοιο.

315 1851 448 1922 cml.
465 1853 541 1922 Sine
556 1873 648 1937 anno,
664 1873 771 1922 mense
787 1861 932 1942 augusto,
948 1854 1013 1922 ίυύ
1031 1853 1096 1922 vll.

256 2001 422 2076 Ῑυιρσπαέυτ
435 2013 513 2060 νεύων
526 2006 729 2062 monasterium
744 2023 764 2060 a
779 2003 917 2062 Οοωπσννυ
932 2003 1022 2060 Phua
1036 2005 1142 2063 υσααιύ.

585 2155 712 2224 Initium
730 2155 829 2224 ύοοιιί

52 2437 177 2514 αύτούς
216 2438 422 2528 ἀναστρέψαι
454 2441 532 2528 πρύς
558 2439 614 2527 την
649 2441 757 2528 μονην,
786 2439 817 2506 εί
841 2461 870 2506 τι
902 2438 1022 2514 ἀδίκως
1053 2441 1110 2506 καί
1140 2441 1335 2514 δυναστικως

1 2591 2 2667 η
55 2563 240 2654 ιἰρείλοντο
270 2561 333 2630 ἀπὸ
360 2573 420 2629 τῶν
449 2563 532 2650 ζηίων
559 2571 615 2652 τῆς
639 2571 752 2652 μονῆς,
781 2560 933 2638 ὡσαύτως
958 2561 1011 2630 ἵνα
1035 2567 1179 2652 τηρησης
1202 2568 1260 2630 καί
1282 2564 1338 2650 την

54 2697 113 2754 τού
148 2697 307 2774 ποταμοῦ
341 2683 495 2754 ύπύθεσιν
522 2691 589 2766 καί,
623 2685 708 2774 είπερ
732 2683 885 2775 εὑρήσεις,
917 2683 966 2752 δτι
993 2684 1082 2761 έντύς
1109 2696 1166 2752 τού
1192 2691 1340 2774 περιέρυυ

54 2823 115 2900 τῆς
132 2821 244 2900 μονῆς
267 2809 333 2877 έσπι
355 2814 391 2878 τύ
408 2820 551 2877 τοιούτων
572 2807 665 2897 ὕδωρ,
688 2807 742 2876 ἵνα
762 2809 965 2899 έπιρωνησης
988 2813 1024 2876 τύ
1042 2815 1137 2898 μέρος
1159 2819 1216 2876 τού
1239 2809 1337 2899 Φιλη,

54 2935 200 3023 ἀπέχειν
225 2933 290 3002 ἀπὸ
306 2945 367 3002 τύν
391 2945 446 3022 της
470 2944 569 3024 μονης
592 2936 735 3014 δικαίων,
759 2931 818 3000 καί
841 2931 1116 3022 ἀπυκαταστήσης
1140 2930 1239 3022 αύτην
1264 2933 1338 3000 ἀνε-

52 3063 235 3148 νοχλήτως
258 3063 408 3146 κατέχειν
443 3061 497 3124 τύν
520 3065 662 3126 τοιοῦτον
684 3059 839 3145 ποταμὸν,
863 3062 920 3124 καί
947 3056 1151 3148 ἐπιρωνησης
1178 3057 1221 3144 τῷ
1249 3062 1339 3145 μέρει

52 3193 115 3250 τού
145 3181 289 3270 ἀπέχειν
316 3183 426 3248 τέλεον
455 3180 518 3248 δπύ
546 3191 602 3248 τού
630 3177 788 3270 ῥηθέντος
822 3191 979 3269 ποταμού.
1004 3179 1155 3258 ὡσαύτως
1177 3179 1230 3248 ἵνα
1258 3181 1338 3248 ἀπο·

52 3309 280 3394 καταστήσῃς
302 3307 359 3394 την
385 3305 534 3394 τοιαύτην
558 3305 655 3394 μονὴν
682 3309 834 3392 κατέχειν
857 3304 1094 3392 ἀνεμποδίστως
1121 3309 1178 3372 καί
1204 3307 1225 3371 ἃ
1249 3305 1337 3392 είχον

54 3431 212 3498 ἔκπαλαι
239 3428 356 3496 έλαῑκὰ
389 3430 519 3517 δένδρα,
551 3427 605 3496 ἵνα
633 3427 734 3517 ἔχωσι
759 3438 860 3496 ταῦτα
887 3426 1126 3516 ἀνεμποδίστως
1151 3433 1254 3518 πύντη
1281 3434 1339 3496 καί

54 3554 292 3642 ἆνενοχλητως
314 3556 400 3619 κατὰ
423 3555 479 3642 τὴν
501 3553 666 3641 πιρίληψιν
689 3563 745 3620 τού
767 3555 941 3638 προσόντος
967 3565 1006 3642 τῇ
1032 3565 1112 3642 μονῇ
1136 3553 1337 3642 χρυσοβούλ-

54 3681 117 3745 λοο
141 3688 206 3765 τῆς
229 3679 397 3762 βασιλείας
421 3699 491 3766 μου.
514 3681 572 3742 καί
598 3677 691 3742 θέλει
713 3673 733 3764 ἡ
752 3678 902 3761 βασιλεία
926 3699 1000 3764 μου,
1027 3675 1081 3744 ἵνα
1104 3675 1336 3766 ἀποκαταστή-

56 3827 122 3890 σης
151 3803 214 3890 την
238 3804 338 3890 μονὴν
365 3801 410 3878 ιίς
433 3804 485 3868 τύν
510 3799 626 3868 οἰκεῖον
649 3803 793 3888 περίορον
820 3804 878 3867 καί
902 3801 944 3890 μή
967 3805 1054 3867 κατά
1081 3825 1112 3868 τι
1137 3802 1336 3889 παρεμποδί-

56 3929 187 4004 ζεσθαι
206 3929 296 4013 παρὰ
315 3935 371 3992 τού
391 3925 562 4014 Κυμνηνού
585 3934 641 3992 τού
656 3923 753 4013 Φελη.
778 3926 835 3991 καί
856 3929 990 4015 ποίησον
1012 3929 1098 3992 κατὰ
1121 3929 1175 3992 τύν
1190 3927 1335 4012 παρόντα

57 4051 199 4140 δρασμὸν
227 4057 284 4137 τῆς
300 4051 467 4134 βασιλείας
495 4070 565 4136 μου,
589 4052 646 4114 καί
670 4046 939 4136 ἀποκατάστησον
967 4051 1002 4116 τύ
1026 4053 1122 4137 μέρος
1145 4058 1201 4138 της
1224 4059 1334 4136 μυνης,

57 4175 113 4240 ἵνα
141 4176 188 4263 μὴ
216 4174 281 4262 έχη
310 4171 447 4260 ὄχλησιν
476 4170 539 4239 ᾶπύ
562 4179 617 4238 τού
641 4175 757 4258 μέρους
780 4179 836 4238 τού
858 4171 1029 4262 Κυμνηνού
1052 4181 1107 4239 τού
1130 4171 1232 4260 Φιλη,
1262 4169 1333 4238 ἀλλ’

57 4300 112 4367 ἵνα
135 4304 323 4386 κατέχωσιν
347 4295 568 4384 σίνενοχλητως
591 4298 630 4362 τὰ
653 4293 756 4362 οίκιῑα
778 4295 891 4362 δίκαια
912 4293 1015 4364 αύτύν
1036 4299 1067 4380 †.

148 4421 311 4511 ῒΕίχσ
344 4421 403 4488 τύ·
427 4423 536 4510 μηνί
558 4414 801 4508 αύτούστιρ
823 4418 904 4487 ίνδ.
928 4418 1133 4508 έβδύμης
1161 4416 1211 4486 δι’
1240 4418 1331 4507 έρυ-

57 4555 185 4636 δρῶν
222 4549 510 4636 γραμμάτων
545 4555 624 4636 της
659 4545 918 4631 βασιλικῆς
954 4547 1033 4611 καί
1066 4547 1198 4618 θιίας
1234 4565 1328 4632 χει-

62 4681 134 4762 ρύς
172 4677 201 4756 †.
