3140 5306
543 525 632 592 CXX.
651 512 727 592 Sino
744 545 836 607 οοου,
853 545 961 594 menso
977 533 1121 613 augusto,
1138 523 1203 594 ind.
1221 523 1272 592 XI.

416 672 580 745 Imperator
594 675 773 730 donationem
786 677 997 746 ροεσσεείυοιαιι
1010 678 1041 730 in
1057 677 1116 730 υἰσο
1136 673 1222 730 Rara
1236 675 1393 748 confimat.

358 827 710 914 ῒΠρόσταγμια
733 830 947 916 διορίζον
971 834 1076 916 περὶ
1099 791 1181 896 πάιν
1210 826 1559 936 ιλιτοστατικῦν1

173 983 175 988 ·
271 961 353 1016 τῶν
386 953 562 1017 παίδων
597 963 673 1019 τοῦ
712 951 1048 1043 Κωνστομάρη,
1087 951 1229 1042 ἤγουν
1267 961 1344 1019 τοῦ
1384 951 1532 1017 Πόθου

270 1071 348 1140 καὶ
383 1083 460 1141 τοῦ
494 1075 805 1158 Μαντειανοῦ,
846 1073 899 1142 ὧν
936 1077 1132 1164 ἔχουσιν
1167 1074 1232 1150 είς
1271 1075 1347 1162 τὴν
1375 1073 1532 1161 Βάρην,

272 1197 597 1279 ἀπολογιάῑον
647 1195 818 1274 αῦτυός
869 1198 1293 1288 ἐπιφωνηματικῶς
1343 1201 1421 1263 καί
1463 1197 1532 1262 διὰ

269 1324 615 1404 παιδτόσειοςίγ.

357 1446 550 1534 β’Έφθασε
575 1451 632 1532 μέν
655 1445 675 1536 ἡ
701 1445 850 1533 βασιλεία
874 1467 935 1534 μου
958 1453 1185 1533 προσκυριῦσαι
1209 1455 1247 1533 τη
1274 1446 1436 1532 σεβασμίογ
1460 1453 1533 1532 μονη

271 1581 327 1658 τῆς
350 1570 514 1654 βασιλείας
539 1593 599 1656 μου
622 1582 661 1658 τη
685 1581 745 1636 τῶν
774 1569 910 1657 Λέμβων
934 1573 1084 1658 κτήματά
1107 1591 1142 1634 τε
1163 1573 1220 1634 καί
1245 1565 1444 1635 όποστατιιιὰ
1467 1569 1532 1632 διά-

269 1717 353 1784 φορα
382 1692 425 1766 είς
454 1690 626 1781 ὑπηρεσίαν
654 1697 710 1760 καί
739 1693 924 1780 οἰκονομίαν
953 1703 1012 1758 τῶν
1037 1695 1136 1780 ταότη
1168 1691 1410 1778 ἐνασκουμένων
1436 1714 1531 1778 μονα-

270 1830 335 1906 χῦν
360 1821 413 1885 διὰ
436 1821 681 1907 χρυσοβοῦλλων
706 1817 812 1908 αῦτης.
844 1819 911 1885 ἐπεί
935 1819 970 1885 δέ
996 1817 1109 1910 ἐδέησε
1134 1821 1190 1884 καί
1212 1824 1361 1906 πτρίορον
1385 1820 1533 1898 γενέσθαι

269 1940 315 2008 ἐπ’
340 1939 460 2022 αὐτοῖς,
486 1939 597 2030 ίόρισεν
621 1940 641 2032 ἡ
667 1945 814 2030 βασιλεία
843 1965 903 2031 μου
927 1945 970 2032 τῷ
992 1947 1062 2009 τότε
1092 1941 1356 2032 στρατοπεδάρχῃ
1386 1939 1454 2006 όντι
1481 1949 1530 2006 τοῦ

267 2069 411 2153 θέματος
434 2075 494 2130 τιῑιν
519 2067 707 2154 Θρακησίων
732 2065 855 2153 ἐκείνῳ,
879 2069 967 2154 κυρῲ
990 2066 1122 2156 Μιχαηλ
1139 2065 1181 2153 τῷ
1204 2064 1311 2152 Φωκᾷ
1339 2065 1531 2152 σομπεριλα-
1558 2131 1559 2134 ,

267 2192 330 2274 βσϊν
355 2191 409 2254 διὰ
431 2193 577 2276 περιόρου
600 2195 702 2256 πάντα
727 2194 766 2256 τὰ
789 2194 1059 2277 προσαρμόσαντα
1082 2201 1121 2277 τῇ
1150 2190 1279 2276 τυιαότη
1309 2200 1390 2276 μονῇ
1420 2187 1476 2252 διά
1501 2211 1531 2252 τε

267 2313 514 2399 χρυσυβοόλλων
537 2323 592 2400 τῆς
617 2315 784 2398 βασιλείας
806 2336 875 2400 μου,
899 2315 953 2378 διά
981 2337 1015 2379 τε
1044 2311 1225 2401 ἐξωνηστως
1256 2321 1316 2404 τῷν
1350 2315 1437 2378 κατὰ
1464 2333 1532 2376 και-

268 2437 341 2521 ροῦς
368 2431 668 2524 ηγουμενευσάντιον
697 2437 729 2502 ἐν
759 2439 855 2526 αῦτη,
884 2434 969 2502 ἀλλὰ
996 2437 1035 2523 δή
1064 2442 1120 2502 καί
1147 2437 1367 2524 προσενέξεως,
1394 2441 1454 2500 καί
1475 2457 1529 2500 πυ·-

265 2557 431 2646 πληρωκεν
460 2557 477 2625 ό
506 2559 668 2647 δηλωθείς
696 2559 833 2640 Φωκάς,
868 2563 983 2635 καθὼς
1011 2558 1136 2648 ὡρίσθη
1171 2560 1257 2646 παρὰ
1286 2569 1341 2647 της
1368 2559 1530 2644 βασιλείας

269 2705 343 2769 μου,
368 2685 453 2750 κατὰ
477 2684 573 2764 λογόν
597 2684 632 2748 δέ
654 2687 836 2771 πεποιηκός
865 2688 917 2750 τόν
941 2694 1084 2751 τοιοῦτον
1110 2689 1255 2770 πτρίορον
1279 2693 1317 2770 τη
1345 2681 1529 2770 δηλωθείση

268 2818 349 2895 μόνη
378 2818 437 2872 τῶν
461 2806 612 2892 Λέμβων,
637 2815 746 2874 τοῦτον
772 2809 942 2885 ἐπέδωκεν,
968 2807 1003 2882 δς
1026 2813 1081 2874 καί
1102 2809 1188 2894 παρὰ
1212 2813 1267 2872 τοῦ
1296 2809 1409 2892 μέρους
1434 2803 1529 2891 αὐτῆς

267 2941 305 3017 τη
330 2931 478 3015 βασιλείᾳ
502 2954 563 3016 μου
587 2927 796 3020 ἐμφανισθεὶς
821 2933 1011 3018 ἐπεκυρώθη
1036 2955 1069 2995 τε
1093 2936 1150 2996 καί
1167 2929 1351 3017 ἐβεβαιώθη
1376 2929 1430 2993 διὰ
1455 2950 1529 3016 χρυ·

268 3055 445 3139 σοβυῦλλου
474 3061 530 3141 τῆς
559 3055 726 3138 βασιλείας
755 3078 824 3142 μου.
850 3053 981 3120 ἐδόκουν
1007 3063 1082 3135 γοῦν
1112 3051 1141 3119 οἱ
1165 3055 1263 3140 ταόιη
1288 3063 1326 3140 τῇ
1351 3065 1433 3140 μονῇ
1460 3053 1529 3118 ένα-

265 3180 450 3264 σκοόμενοι,
486 3175 529 3252 ὡς
557 3181 596 3242 τὰ
625 3176 713 3252 ἐντός
747 3180 858 3243 τοῦτου
891 3179 1157 3265 περικλτισθέντα
1189 3174 1444 3250 ἀναποσπάστως
1475 3178 1527 3241 καί

264 3299 421 3388 ἀκεραίως
449 3311 602 3388 κρατοῦσι
630 3305 685 3366 καί
707 3305 868 3388 νέμονται,
894 3301 1093 3382 ἀγνοοῦντες,
1121 3297 1163 3375 ὣς
1187 3297 1275 3374 ἐντός
1306 3309 1361 3366 τοῦ
1385 3303 1526 3364 τοιούτου

263 3429 408 3511 περιόρου
433 3422 449 3489 ό
473 3421 694 3513 Κωστυμάρης
719 3424 839 3500 ἐκεῖνος
862 3421 919 3492 καὶ
943 3423 959 3491 ό
983 3424 1094 3524 Πόθος
1118 3421 1302 3514 Σωτήριχος
1326 3427 1382 3489 καί
1405 3421 1422 3488 ό
1450 3426 1524 3501 σόγ-

263 3549 405 3634 γαμβρος
431 3543 526 3613 αὐτοῦ
552 3545 569 3614 ό
596 3547 794 3624 Μαντειανὸς
818 3555 874 3615 καί
900 3547 1004 3636 ἐτεροι
1031 3560 1214 3634 προσγενεῖς
1243 3545 1345 3614 αι’)τιῦν
1372 3557 1525 3632 κρατοῦσι

261 3675 410 3760 χωράφια
439 3665 499 3737 οόκ
528 3669 622 3753 όλίγα
656 3677 713 3739 καί
741 3675 796 3760 τήν
826 3673 863 3738 ἐκ
892 3675 1007 3738 τοότων
1037 3669 1320 3759 ἆποκερδαίνουσιν
1345 3671 1470 3737 σίσοδον
1495 3673 1525 3735 ἐν

261 3807 300 3884 τη
323 3795 413 3882 Βάρη
438 3799 494 3861 καί
522 3795 564 3882 τῷ
590 3801 724 3884 περιόριρ
753 3800 869 3885 ταότης
897 3801 1110 3885 τυγχάνοντα,
1146 3795 1178 3860 ἐν
1207 3793 1253 3870 οίς
1280 3796 1320 3883 δὴ
1350 3801 1524 3882 χωραφίοις

258 3923 449 4008 προσφάτως
477 3925 534 3986 καί
562 3919 715 4008 ἀμπέλων
743 3925 994 4012 κατεφύτευσαν,
1024 3917 1056 3998 ἐξ
1080 3915 1174 4007 οόπερ
1204 3917 1358 4006 ἀμπελίου
1383 3917 1523 3998 ἔγνωσαν

260 4041 290 4108 οί
318 4049 455 4131 μοναχοί
483 4043 571 4118 ἐντός
599 4053 652 4140 τοῦΙ
687 4049 833 4132 περιόρυυ
863 4040 964 4109 αὐτῶν
999 4047 1191 4132 κρατεῖσθαι
1218 4045 1304 4129 παρὰ
1334 4055 1392 4108 τῶν
1420 4045 1522 4132 δηλω-

258 4171 377 4233 θέντων
408 4168 576 4256 άμετόχως
604 4168 643 4234 τά
667 4178 797 4234 τοιαῦτα
821 4171 979 4257 χωράφια.
1010 4167 1186 4254 ἀνέδραμον
1212 4175 1284 4247 γοῦν
1315 4165 1358 4241 είς
1382 4169 1437 4252 τὴν
1464 4169 1518 4251 βα-

258 4295 379 4358 σιλείαν
404 4315 464 4379 μου
488 4291 518 4358 οἱ
541 4303 675 4358 τοιοῦτοι
704 4290 842 4378 μοναχοί
864 4295 919 4356 καί
944 4289 1104 4381 ἀναφορὰν
1131 4295 1203 4376 περί
1227 4293 1338 4356 τούτου
1365 4295 1443 4376 πρὸς
1467 4287 1522 4354 αό-

257 4417 311 4504 την
336 4413 497 4504 ἐποίησαν,
521 4421 577 4482 καί
599 4419 756 4503 παρόντος
776 4427 831 4482 τοῦ
848 4413 972 4492 Πόθου,
997 4423 1051 4480 τοῦ
1068 4411 1264 4480 Μαντειανοῦ
1289 4419 1344 4478 καί
1368 4425 1427 4478 τῶν
1451 4415 1520 4476 λοι-

254 4549 319 4605 πῶν
347 4551 527 4626 προσγτνων
556 4533 658 4604 αότιῦν
693 4549 752 4606 τῦν
783 4537 843 4606 ἀπὸ
879 4548 934 4605 τοῦ
969 4535 1191 4625 Κωνστομοίρη
1225 4539 1370 4625 ἐτηρήθη
1399 4541 1439 4602 τὰ
1466 4547 1519 4620 τῆς

258 4661 442 4736 ὑποθέσεως
471 4661 589 4749 όρισμιβ
613 4646 669 4750 τῆς
694 4663 858 4747 βασιλείας
883 4685 952 4750 μου,
982 4660 1039 4727 καί
1067 4657 1229 4738 ὑπέδειξαν
1259 4659 1287 4726 οἱ
1317 4665 1455 4749 μοναχοί
1483 4663 1520 4724 τὰ
