3190 5284
261 241 302 304 94

263 437 382 500 πυόλυυ
407 441 486 522 μετὰ
507 441 562 502 καί
586 446 641 522 τῆς
663 434 920 524 ὑποσκιαζούσης
945 433 1047 502 αὐτῶν
1074 448 1141 525 γῆς,
1167 435 1203 502 οό
1229 439 1289 523 μην
1312 438 1348 502 δὲ
1372 448 1427 502 τοῦ
1450 459 1541 520 πατρ-

264 559 355 624 οίκου
391 571 445 646 τῆς
486 571 583 647 μονῆς
622 572 680 626 τῶν
715 561 864 648 Λὲμβων,
902 562 986 628 ἀλλὰ
1021 572 1076 628 τοῦ
1110 559 1218 648 ίτόρου
1258 559 1397 646 ἀδελφοῦ
1437 557 1541 626 αὐτοῦ

265 684 425 760 Ἰωάννου,
462 690 500 750 τὰ
529 687 564 750 δὲ
593 687 721 772 δίνδρα,
751 683 830 772 ἅπερ
859 686 930 772 ἔχει
957 684 976 773 ἡ
997 687 1081 778 μονὴ
1106 695 1165 750 τών
1189 685 1335 772 Λίμβων,
1364 685 1441 750 είαίν
1472 685 1541 751 ἀπὸ

266 807 496 894 ἐξαλείμματος
518 809 678 896 Γεωργίου
701 820 755 874 τοῦ
776 808 1047 896 Γουναροποόλου.
1073 814 1260 897 πειρώμενοι
1283 812 1317 874 δὲ
1342 809 1372 876 οἱ
1395 817 1542 896 μοναχοί

265 941 319 996 τοῖν
348 931 488 998 Στόλλαυ
517 929 577 998 οόκ
603 930 814 1021 ἠρκόσθησαν
842 945 967 1020 κρατεῖν
992 943 1047 1000 τοῦ
1072 936 1106 1010 δε
1130 933 1307 1021 ἀγορασίαις
1331 932 1436 1008 αὐτοῖς
1461 937 1540 998 δια-

263 1061 427 1143 ρέροντος,
456 1055 528 1121 ἀλλ’
558 1056 727 1142 ἐπειρῶντο
750 1064 900 1144 κατίχειν
923 1062 979 1123 καί
1002 1061 1038 1124 τό
1059 1061 1251 1146 ταραικικόν
1276 1057 1453 1144 ὲξάλειμμα
1480 1067 1540 1145 τῆς

263 1191 362 1267 μονῆς
386 1191 445 1246 τών
468 1181 615 1268 Λόμβων,
640 1185 834 1268 τηρήσαντες
857 1185 892 1247 δὲ
920 1179 1010 1270 ἡμεῖς
1033 1187 1073 1248 τὰ
1101 1195 1160 1248 τών
1181 1182 1367 1270 ἀμροτόρων
1396 1183 1540 1248 δικαιώ-

262 1327 348 1391 ματα
377 1307 593 1392 διεκρίνομεν,
623 1304 666 1379 ώς
695 1305 764 1372 ἐπεὶ
792 1303 852 1372 ότδ
878 1312 1047 1393 παροινίαν
1075 1311 1131 1372 καί
1154 1307 1208 1371 διὰ
1230 1315 1407 1392 πρακτικοῦ
1430 1307 1540 1392 δτόθη

263 1430 296 1492 ἐν
321 1440 359 1516 τῇ
384 1439 466 1516 μονῇ
491 1442 551 1495 τῶν
574 1429 710 1518 Λέμβων
735 1427 810 1516 ὑπὲρ
826 1433 1005 1519 κεφαλαίου
1022 1432 1190 1514 βασιλικοῦ
1212 1433 1270 1495 καί
1292 1439 1540 1516 στρατιωτικοῦ,

264 1551 443 1639 εὑρίσκεται
472 1555 509 1620 δὲ
544 1553 706 1641 ἀμίτοχον
734 1559 790 1620 καί
820 1553 882 1622 ἀπὸ
912 1563 966 1620 τοῦ
996 1559 1124 1641 μόρους,
1154 1551 1249 1639 τόπερ
1278 1555 1426 1640 διίπροισε
1454 1557 1541 1638 πρός

264 1679 318 1764 τήν
348 1680 444 1765 μονην
474 1689 529 1744 τοῦ
557 1679 711 1757 Στόλλου,
740 1677 792 1744 ἵνα
820 1678 956 1766 διαμάνη
984 1676 1004 1766 ἡ
1032 1681 1113 1765 μονή
1144 1686 1198 1746 τοῦ
1222 1677 1360 1744 Στόλλου
1385 1677 1428 1752 είς
1452 1674 1539 1762 ὅπερ

263 1799 416 1887 ἐξώνησεν
445 1802 507 1867 ἀπό
536 1812 590 1868 τοῦ
615 1808 729 1888 μόρους
757 1811 812 1867 τοῦ
840 1801 1111 1889 Γουναρυπούλου,
1141 1806 1196 1870 καί
1223 1802 1266 1888 μὴ
1294 1803 1390 1866 πλέον
1417 1815 1539 1888 χωρεῖ-

263 1929 343 1991 σθαι
371 1931 473 2012 τρόπῳ
497 1925 687 2013 δυναστικῴ,
723 1924 743 2013 ἡ
773 1928 808 1990 δέ
845 1949 880 2006 γε
909 1929 989 2014 μονὴ
1014 1939 1073 1992 τών
1101 1925 1237 2012 Λίμβων
1274 1931 1352 2012 μόνη
1382 1925 1426 1998 είς
1454 1924 1540 2013 ὅπερ

261 2049 346 2137 εἶχεν
374 2048 390 2113 ό
419 2055 573 2136 πάροικος
602 2047 714 2138 αὐτῆς,
743 2053 856 2125 καθώς
885 2047 1021 2138 ηὕρομεν
1049 2057 1106 2116 καί
1134 2052 1188 2116 διὰ
1216 2059 1392 2140 πρακτικοῦ
1421 2045 1537 2135 αὐτῆς.

260 2176 314 2242 διὰ
338 2185 428 2239 τοῦτο
454 2179 514 2260 γὰρ
539 2174 679 2256 ἐγεγόνει
702 2180 758 2240 καί
780 2171 800 2261 ἡ
825 2177 955 2262 τοιαύτη
978 2181 1081 2260 κρίσις
1103 2179 1266 2262 παρρησία
1290 2185 1349 2238 τών
1373 2174 1538 2260 δηλωθη-

261 2303 402 2385 σομὲνων
430 2300 579 2364 κάτωθεν
607 2300 685 2384 πρός
714 2295 816 2385 ὄνομα
840 2301 1011 2385 μαρτύρων,
1037 2303 1092 2364 καί
1121 2298 1264 2384 ἐπεδόθη
1293 2297 1337 2386 τῷ
1356 2301 1446 2386 μέρει
1478 2307 1539 2384 τῆς

261 2423 439 2507 σεβασμίας
468 2425 523 2486 καί
552 2419 646 2501 ἁγίας
677 2423 845 2508 βασιλικῆς
875 2432 972 2509 μονῆς
1001 2434 1059 2487 τῶν
1088 2420 1238 2508 Λέμβων,
1267 2421 1365 2509 ἤγουν
1394 2430 1448 2485 τοῦ
1477 2445 1539 2486 σε-

262 2547 381 2630 βαστυό
405 2555 502 2631 κυροῖ)
524 2545 690 2612 Νικολάου
715 2555 768 2610 τοῦ
795 2545 1046 2634 Μοσχαμπὲρου,
1072 2551 1262 2632 στρατιώτου
1286 2555 1340 2612 τοῦ
1368 2545 1539 2629 Ἀβαλάν-

262 2691 316 2732 του
344 2669 598 2747 Κωνσταντίνου,
629 2670 785 2749 Ἀγγίλου
814 2679 868 2734 τοῦ
893 2669 1071 2756 Σαβὲντζη,
1102 2668 1336 2756 ἀνδρικωτάτυυ
1359 2670 1538 2754 καβαλλα-

264 2800 331 2879 ρίου
361 2801 415 2858 τοῦ
445 2793 654 2879 Συραλιάτου,
683 2791 817 2879 Μιχαὴλ
845 2803 899 2858 τοῦ
928 2792 1075 2880 Ξηρίτου,
1104 2791 1249 2858 Ἰωάννου
1277 2803 1331 2858 τοῦ
1356 2793 1537 2878 Γορδαίτου,

263 2919 427 3003 Θεοδώρου
455 2925 509 2982 τοῦ
533 2917 697 3004 Ἐρεσίου,
722 2916 874 3003 Μανουὴλ
898 2927 952 2982 τοῦ
975 2915 1159 3004 Κολπηνοϋ,
1188 2921 1244 2981 καὶ
1269 2915 1329 2981 ἀπό
1355 2925 1413 2980 ττδν
1438 2939 1535 2981 τοπι-

261 3053 326 3108 κών
354 3027 520 3114 Μανταίας
541 3040 566 3105 Γ
570 3047 701 3125 εωργίου
726 3050 780 3104 τοῦ
806 3040 960 3124 Κακαβᾶ,
985 3039 1125 3113 Λέοντος
1147 3051 1205 3106 τοῦ
1227 3041 1378 3127 Ἀρρίνη,
1403 3041 1536 3107 Θεοδώ-

261 3185 316 3251 ρου
345 3173 399 3229 τοῦ
426 3163 599 3252 Μαρτίνου,
630 3165 795 3248 Θεοδώρου
819 3173 874 3230 τοό
898 3163 1049 3250 Βαρίγου,
1072 3161 1238 3250 Κυριακοό
1265 3175 1319 3230 που
1342 3163 1534 3250 Μουρμουν-

260 3299 355 3376 τηναῡ
390 3295 446 3353 καί
472 3287 585 3373 ἑτέρων
615 3285 673 3353 οὐκ
709 3285 833 3368 όλίγων.
875 3293 982 3376 μηνί
1015 3289 1095 3396 κηί
1126 3289 1206 3353 ίνδ.
1233 3300 1330 3363 ταῖς
1364 3309 1533 3374 προγε-

259 3417 548 3497 γραμμένοις
583 3417 611 3492 †·
1084 3477 1088 3488 1

346 3533 1532 3621 γὉπριμμικηριοςτώνταβουλλαρίωντῆςάγιω-

257 3665 397 3746 τάτης
437 3660 771 3745 μητροπόλεως
811 3659 1019 3746 Σμύρνης
1058 3665 1135 3727 καί
1175 3657 1369 3746 ἐνορίας
1412 3657 1532 3724 Μαν-

257 3790 403 3862 ταίας,
437 3783 679 3855 Νικόλαος
707 3782 724 3848 ό
757 3783 1158 3871 Φιλοκυνηγίτης,
1186 3787 1336 3870 παρών
1366 3783 1440 3848 ίπί
1476 3797 1530 3872 τη

256 3911 466 3995 παροόση
495 3911 652 3992 κρίσει
679 3904 733 3980 ώς
762 3911 942 3992 γράψας
977 3917 1120 3972 ταῦτα
1157 3919 1398 3994 μαρτυρῶν
1428 3905 1529 3974 Iu&-

257 4039 374 4120 νυνί
443 4038 472 4114 †·

466 4242 601 4310 XXXIX.
621 4244 852 4321 6782-1274,
869 4265 976 4310 meuse
991 4243 1141 4320 ianuario,
1158 4244 1223 4310 ind.
1240 4243 1306 4312 XII.

300 4393 422 4448 Μανίόα
441 4393 643 4448 PII-amittae
665 4391 733 4462 filia
748 4394 808 4448 αιίια
825 4395 996 4450 monacum
1011 4393 1136 4452 αειιάνειί
1151 4395 1267 4450 arbom
1283 4405 1308 4450 ιτ
1323 4411 1463 4464 campum.

339 4525 658 4609 ’γΠρατήριον
695 4524 931 4612 ἔγγραφον
967 4535 1045 4612 τῆς
1081 4539 1290 4614 μοναχης
1323 4525 1524 4611 Μάρθας

253 4661 330 4736 της
361 4651 665 4733 Θρακησίνης
700 4654 778 4714 καί
812 4657 889 4735 της
916 4653 1153 4734 θυγατρός
1189 4646 1330 4736 αὐτῆς
1357 4649 1525 4736 ’Ἂννης
