3238 5282
1304 265 1368 329 405

102 461 159 537 τῆς
188 453 337 538 τοιαύτης
362 461 472 537 μονής,
509 475 527 516 ο
551 473 583 516 τε
607 461 785 525 θεόόοολος
810 457 866 516 καὶ
890 451 907 517 ό
936 452 1129 526 Καλλίνικος
1160 453 1283 518 ἀνωθεν
1311 467 1366 525 τοῦ

101 579 259 661 παρόντος
288 571 386 662 δροος
414 574 444 639 οἱ
472 579 529 661 μὲν
552 580 609 649 τὰς
633 575 755 650 οἰκείας
778 581 939 661 προταγὰς
969 576 1164 663 αότυχείρως
1187 583 1367 665 ποιησάμε-

101 721 166 775 νοι,
202 698 233 764 οἱ
261 701 296 762 δὲ
320 699 393 772 τοῦς
416 701 529 771 τόπους
557 709 612 764 τοῦ
638 703 803 786 ζωηρόρου
832 705 887 764 καί
909 710 1130 786 πρυσκυνητοῦ
1160 715 1296 788 σταυροῦ
1321 703 1367 767 υί-

100 833 207 897 κείαις
229 829 339 911 χερσίν
364 821 616 908 ἀντοπυοάμενοι
638 829 754 897 πάντες
777 835 870 911 κοινή
895 826 1010 911 βουλή,
1035 831 1145 912 γνώμη
1170 849 1203 890 τε
1250 875 1257 893 .
1305 880 1312 892 .
1361 877 1368 892 .

101 1075 305 1158 διαπράσεως
330 1071 547 1158 ἒνοπόγραρον
572 1073 732 1160 ἔγγραφον
755 1069 844 1158 ήμῶν
869 1076 1029 1158 τιθέμεθα
1058 1079 1113 1138 καὶ
1136 1084 1286 1160 ποιοῦμεν
1311 1077 1367 1141 σάν

98 1202 194 1262 παντί
220 1197 265 1282 τῷ
292 1203 379 1282 μέρει
402 1201 457 1260 καί
479 1197 667 1282 πληρώματι
696 1207 750 1283 τής
775 1197 979 1283 δηλωθείσης
1008 1208 1105 1284 μονής
1130 1195 1283 1272 ἑκουσίοις
1310 1205 1367 1264 καί

101 1320 273 1404 ἀβωίστως,
302 1318 486 1394 αὐτοθελῦς
509 1325 565 1384 καί
590 1321 865 1406 οότοπροαιρότως
888 1320 945 1386 καὶ
969 1319 1028 1386 οὐκ
1053 1322 1091 1386 ἔκ
1115 1343 1197 1396 τινος
1222 1323 1366 1411 ἀνάγκης

100 1445 119 1532 ή
138 1443 299 1531 ἀπάτηςή
323 1445 419 1509 δόλου
443 1444 462 1532 ή
480 1444 719 1532 συναρπαγήςή
744 1455 940 1533 περιγραφῆς
956 1445 975 1532 ή
992 1457 1204 1534 παραγραρής
1227 1446 1246 1535 ή
1265 1450 1366 1533 δωρο-

99 1573 219 1656 ληρίαα
238 1567 258 1656 ή
280 1568 491 1656 κολακείαςή
517 1570 664 1655 ἐπηρείας
690 1567 891 1655 ἀρχυντικής,
918 1571 972 1634 σόν
996 1573 1161 1656 προθυμίη
1184 1573 1220 1634 δὲ
1245 1574 1367 1657 μάλλον
1403 1561 1406 1568 ’

18 1745 19 1752 ,
100 1693 228 1778 ἀπάση,
253 1692 403 1779 ἀλοψόχιρ
438 1696 593 1776 προθέσει
627 1697 682 1756 καὶ
714 1699 1028 1779 μεταμεριμνημόνου
1055 1698 1112 1758 καί
1145 1691 1366 1782 ήκριβωμόνυυ

99 1827 223 1884 σκοποῦ
238 1822 295 1882 καί
318 1828 435 1904 φρενῶν
453 1816 686 1902 ἀκεραιοτάτης
711 1829 766 1904 τής
791 1821 1033 1904 σταθηρότητος
1056 1824 1113 1883 καί
1137 1817 1244 1892 ἀτελῶς
1268 1821 1363 1886 εἰπεῖν

99 1949 180 2028 μετὰ
203 1942 325 2026 πολλής
348 1939 437 2028 ήμῶν
465 1951 521 2027 τής
550 1938 716 2026 ἀποδοχῆς
739 1947 795 2004 καί
818 1943 985 2027 θελήσειας
1015 1939 1272 2028 ἀποβαλλόμενυι
1308 1950 1364 2009 καί

18 2141 19 2146 1
99 2067 350 2152 ἀποτρεπόμενοι
383 2065 420 2130 ἐκ
449 2069 617 2152 συμφώνου
650 2062 739 2150 ήμῶν
774 2063 949 2150 ὁμολογίας
982 2071 1037 2130 καί
1073 2065 1297 2154 ἐπερωτήσεως
1321 2073 1363 2156 μή

98 2197 193 2276 μόνον
232 2201 338 2255 πᾶσαν
377 2194 432 2254 καί
471 2187 623 2254 παντοίαν
661 2188 819 2252 ὶδιωτείαν
862 2193 918 2254 καί
957 2187 1140 2274 ἀγροικίαν,
1185 2191 1270 2258 ἀλλὰ
1309 2199 1366 2258 καί

18 2373 19 2376 ,
99 2315 194 2380 αὐτόν
220 2317 274 2378 τόν
298 2315 475 2400 μετάμελον
511 2317 566 2378 καί
595 2315 647 2376 τόν
672 2311 721 2378 ἐπί
750 2313 792 2398 τῷ
820 2315 990 2398 μεταμέλῳ
1026 2315 1204 2400 μετοίμελον
1229 2321 1285 2380 καί
1308 2319 1363 2404 τήν

99 2439 136 2504 ἐκ
173 2441 283 2502 τοῦτου
318 2435 504 2522 τικτομένην
530 2432 602 2521 ήμίν
631 2449 694 2508 τοῖς
724 2447 876 2521 μοναχοῖς
904 2441 961 2500 καί
994 2437 1086 2502 παντὶ
1114 2437 1156 2524 τῷ
1194 2447 1281 2526 μὲρει
1309 2453 1364 2528 τῆς

99 2572 198 2649 μονῆς
233 2561 277 2635 εὶς
306 2561 465 2646 ἀναίρεσιν
500 2569 554 2624 τοῦ
585 2563 739 2646 παρόντος
767 2565 941 2646 πρατηρίου
970 2560 1130 2648 ἐγγράφου
1165 2561 1254 2650 ήμῶν
1288 2569 1364 2650 πρός

17 2755 18 2794 ι
99 2685 182 2772 όνας
205 2687 279 2758 τοὺς
303 2689 608 2764 τανιογενεστάτννς
633 2682 823 2768 δμνῖύίθῦῦ
852 2687 902 2748 “³⁹
927 2707 960 2746 za
983 2689 1197 2773 περιπόθητον
1221 2691 1362 2775 γαμβρὸν

17 2809 18 2894 j
97 2822 151 2875 τοῦ
181 2819 335 2896 κραταιοῦ
363 2813 418 2872 καί
441 2806 534 2888 ἀγίου
557 2805 645 2894 ἡμῶν
668 2803 824 2872 αόθὲντου
848 2811 904 2869 καί
927 2809 1091 2890 βασιλέως,
1116 2819 1175 2894 κῦρ
1198 2811 1360 2876 Νικόλαον

17 2919 18 2980 ff
96 2933 258 3014 Ἄγγελον
281 2933 449 3018 Κομνηνόν
484 2935 536 2995 τόν
564 2931 783 3015 Μαλιασηνόν,
818 2936 874 2994 καί
903 2932 958 3016 τήν
985 2936 1201 3019 περιπόθητον
1231 2938 1362 3019 σόμβιόν

17 3081 18 3088 “
97 3081 164 3128 σου,
191 3059 246 3143 τήν
269 3059 500 3141 ποθεινοτάτην
525 3053 657 3140 ἀνεψιὰν
680 3064 734 3118 τοῦ
758 3063 913 3138 κραταιοῦ
938 3059 994 3118 καί
1019 3053 1110 3132 ἁγίου
1133 3053 1221 3142 ήμῶν
1245 3056 1364 3124 αὐθεν-

17 3165 18 3168 “
97 3205 151 3246 του
176 3185 232 3245 καί
257 3181 422 3264 βασιλέως,
447 3179 624 3244 Δοῦκαιναν
648 3177 818 3263 Κομνηνήν
838 3177 1095 3257 Παλαιολογίναν
1119 3185 1218 3266 κυράν
1240 3181 1362 3248 Ἄνναν

97 3309 151 3392 τήν
186 3303 406 3390 Μαλιασηνήν,
436 3307 492 3368 καί
525 3303 566 3366 δι’
595 3299 679 3386 ὑμῶν
702 3304 780 3386 πρός
805 3305 839 3364 τό
869 3299 951 3365 ἅπαν
987 3307 1080 3387 μέρος
1115 3309 1169 3367 καί
1204 3307 1361 3394 πλήρωμα
1391 3295 1395 3304 ’

17 3419 18 3456 ³
96 3441 151 3516 τῆς
182 3431 361 3512 σεβασμίας
385 3437 633 3512 πατριαρχρικής
662 3429 845 3504 γυναικείας
874 3435 971 3511 μονής
994 3436 1048 3492 τοῦ
1077 3433 1180 3513 τιμίου
1208 3433 1362 3496 πανενδό-

17 3525 18 3530 ¹
95 3556 147 3627 Εου
177 3551 364 3637 Πρυδρόμου
392 3561 448 3637 τής
474 3547 561 3621 Νέας
584 3549 708 3634 Πέτρας
742 3558 797 3635 τῆς
823 3553 911 3632 παρὰ
939 3558 995 3614 σοῦ
1031 3559 1086 3635 τής
1109 3551 1280 3640 Κομνηνής
1305 3557 1359 3619 σόν

17 3671 18 3682 ἢ
95 3675 163 3762 θεῷ
197 3673 454 3760 ἀνεγειρομὲνης.
489 3677 545 3737 καί
573 3677 634 3757 γάρ
663 3671 771 3758 ἐπειδή
799 3669 1009 3759 ἠθελήσαμεν
1043 3671 1282 3763 ὲκποιήσασθαι
1311 3679 1360 3744 ἐπί

95 3801 262 3884 διαπράσει
285 3799 433 3864 παντελεῖ
455 3801 489 3861 τό
512 3801 599 3882 παρὰ
622 3805 686 3882 τῆς,
712 3794 755 3869 ὡς
780 3796 916 3882 εἴρηται,
942 3807 1040 3884 μονής
1064 3809 1117 3863 τοῦ
1143 3797 1235 3878 ἁγίου
1259 3823 1361 3886 μεγα-

94 3925 293 4009 λομάρτυρος
320 3921 480 4007 Γεωργίου
515 3924 687 4006 νεμόμενον
715 3924 772 3984 καί
806 3921 1038 4004 δεσποζόμενον
1074 3920 1227 4008 ἀμπέλων
1256 3923 1287 3988 ἐν
1319 3939 1358 4014 τή

93 4057 230 4134 περιοχή
251 4055 306 4110 τοῦ
327 4046 524 4122 Βελεστίνυυ,
542 4047 576 4108 τό
593 4048 649 4108 καί
665 4046 861 4128 ποσοόμενον
878 4043 922 4116 εἰς
939 4041 1200 4130 δλοκοτιναραίας
1224 4049 1289 4126 δόο,
1315 4047 1358 4123 ὡς

17 4213 18 4224 ι
95 4169 130 4235 ἀν
164 4171 217 4234 δια
246 4179 301 4234 τοῦ
328 4173 505 4256 τιμήματος
534 4169 646 4232 τούτου
674 4167 928 4252 ἐκπληρώσωμεν
964 4173 1033 4232 τινὰ
1067 4181 1127 4233 τῶν
1160 4182 1262 4257 χρεων
1297 4185 1357 4236 τῶν

95 4292 284 4381 εόρεθόντων
320 4305 358 4380 τη
388 4305 470 4378 μονή
500 4297 579 4377 με·τά
607 4294 749 4357 θάνατον
782 4301 836 4355 τοῦ
872 4289 1042 4376 οἰκονόμου
1071 4294 1195 4358 ἐκείνου
1230 4297 1355 4382 ταύτης,

95 4427 148 4483 τοῦ
173 4429 317 4505 μοναχοῦ
341 4416 504 4502 Λαζάρου,
530 4413 588 4480 οὐκ
613 4413 800 4501 εὑρίσκομεν
824 4415 858 4478 δέ
883 4435 951 4478 τινα
972 4426 1031 4480 τιῦν
1056 4414 1149 4495 ἐγγυς
1172 4416 1191 4505 ή
1216 4421 1355 4486 καὶτῶν
1404 4455 1407 4462 ·

17 4575 18 4584 ι
93 4545 199 4627 πόρρω
227 4544 367 4607 θέλοντα
395 4549 487 4604 τοῦτο
511 4539 749 4626 ἐξωνήσασθαι,
778 4541 812 4602 τό
838 4541 893 4623 μὲν
917 4540 971 4602 διὰ
994 4541 1029 4604 τό
1054 4539 1248 4606 εἶναιτοῦτο
1273 4542 1353 4630 ἀτη-

95 4667 243 4752 μέλητον,
272 4670 308 4730 τό
332 4669 367 4729 δὲ
392 4667 444 4729 διὰ
468 4665 522 4750 τήν
546 4674 601 4728 τοῦ
629 4673 742 4748 καιροῦ
770 4663 927 4747 κοσμικήν
958 4661 1154 4747 ἀνωμαλίαν,
1186 4664 1352 4751 ἀνεμάθο-
