3238 5282
1271 269 1336 334 429
1456 311 1459 321 ι

15 431 16 500 Ῐ
69 465 100 528 ὲν
125 477 164 550 τῆ
187 463 293 553 ἡμέρα
319 475 375 552 τῆς
400 471 534 552 κρίσεως
562 471 618 532 καὶ
645 467 700 554 τῆν
734 469 879 552 κατάραν
907 463 986 551 ἐμοῦ
1021 472 1076 530 τοῦ
1104 471 1252 528 ταπεινοῦ
1282 467 1336 528 καὶ

69 588 185 654 ἀδλέοο
209 595 368 676 γέροντος·
404 594 647 676 τεσσαράκοντα
671 595 732 677 γὰρ
759 589 822 678 ἤδη
851 593 987 678 χράνοιις
1020 593 1204 653 κεκοπίακα
1232 587 1265 651 έν
1294 585 1337 671 τῴ

69 715 198 798 τοιούτῳ
223 713 364 800 μονιδίιρ,
389 717 503 788 καθὼς
517 718 574 778 καὶ
592 713 622 778 οἱ
646 714 772 780 ἔποικοι
796 724 852 801 τῆς
869 711 972 777 ἐκεῖσε
996 717 1107 798 χώρας
1130 715 1335 790 γινώσκουσι,

14 905 15 908 ,
67 843 123 902 καὶ
160 835 265 904 ὁπόσα
301 835 460 924 ἐβιάσθην
495 842 552 902 καὶ
591 835 766 924 ἀνέστησα,
803 839 882 910 θεὸς
914 839 1010 922 μόνος
1045 839 1193 915 γινώσκει
1221 839 1278 900 καῖ
1307 831 1336 900 οἱ

69 960 168 1026 ἐκεῖσε
204 958 293 1034 ὄντες
328 961 528 1049 ριλοχριστοι
559 965 615 1026 καὶ
650 963 844 1050 μιλεοσεβεῖς
874 959 996 1046 ἄνδρες,
1032 963 1088 1024 καῖ
1121 957 1174 1024 ἵνα
1209 959 1251 1045 μῆ
1288 955 1335 1022 ἐπ’

68 1083 177 1158 άδεῖας
200 1082 264 1159 ἕξει
287 1107 334 1158 τις
356 1087 434 1170 πρὸς
463 1083 622 1150 ἀνάλωσιν
644 1089 700 1150 καὶ
725 1083 903 1173 ἀφανισμὸν
931 1093 986 1149 τοῦ
1015 1085 1158 1148 τοιοῦτοι
1183 1082 1334 1168 μονιδῖοο·

69 1213 125 1281 ξῦν
155 1211 217 1294 γὰρ
252 1207 298 1272 ἔτι
321 1210 401 1273 θεοῦ
436 1211 544 1294 χάριτι
567 1211 623 1273 καὶ
647 1210 700 1272 τὸν
735 1217 807 1273 νοῦν
837 1206 1012 1294 ἐρρωμένον
1048 1206 1131 1293 ἔχων
1159 1210 1216 1272 καί
1250 1201 1333 1292 ῦγιῆ,

68 1336 122 1404 τὰς
146 1335 265 1418 φρένας
289 1335 376 1404 σῦας
400 1335 456 1396 καὶ
480 1333 535 1417 τῆν
560 1333 701 1410 γλῶτταν
730 1329 945 1418 ἀπαραρὸριος
980 1335 1235 1418 σοστρερομένην
1257 1333 1334 1416 πρὸς

67 1455 190 1536 λαλιὰν,
216 1452 248 1518 ἐν
274 1455 400 1540 μεγάλη
424 1458 481 1519 καὶ
503 1450 689 1541 ὑψηλοτάτη
715 1465 795 1541 μονῆ
819 1457 854 1518 τδ
876 1465 1019 1519 τοιοῦτον
1044 1455 1184 1540 μονέδιον
1209 1452 1334 1519 εἰσεκά-

70 1601 155 1664 μισα,
189 1575 244 1642 ἵνα
268 1576 435 1664 ὲιταιιξηδῆ
463 1581 520 1642 καὶ
548 1575 746 1666 εὐεργετηθῆ
775 1575 820 1650 εὶς
848 1580 882 1642 τό
909 1576 1101 1662 ἔμπροσθεν,
1130 1581 1186 1641 καί
1213 1574 1256 1650 ὡς
1282 1575 1336 1641 ἵνα

70 1702 167 1787 ἔχωσι
194 1705 252 1765 καὶ
280 1699 310 1764 οἱ
337 1697 487 1787 ἡμέτεροι
515 1712 617 1780 γονεῖς
640 1699 697 1764 καὶ
719 1697 739 1788 ἡ
764 1704 894 1788 ταπεινῆ
924 1722 984 1786 μοο
1009 1701 1094 1788 ψοχῆ
1120 1703 1332 1788 μνημόσυνον.

68 1829 122 1892 καὶ
145 1823 162 1890 ὁ
187 1827 362 1911 βουληθεὶς
385 1835 536 1909 πειρᾶσαι
560 1822 579 1911 ῆ
605 1823 781 1911 ἐνοχλῆσαι
803 1829 874 1910 περὶ
898 1825 1009 1909 τούτου
1034 1825 1068 1888 τό
1098 1827 1194 1910 τυχὸν
1218 1822 1337 1910 ἐκκλη-

69 1952 231 2024 σιαστικός
265 1946 306 2012 ὢν
341 1947 361 2035 ῆ
395 1947 596 2035 δημοσιακός
629 1947 682 2014 ἵνα
712 1949 864 2036 λαμβάνῃ
900 1947 944 2023 εὶς
974 1947 1085 2014 ἑαυτὸν
1121 1953 1177 2022 τὰς
1213 1947 1337 2014 ἄνωθεν

68 2075 267 2160 δηλουμένας
297 2070 387 2158 ἀρὰς,
411 2076 467 2137 καῖ
491 2070 510 2160 ἡ
536 2071 610 2146 δδός
632 2069 729 2138 αὐτοῦ
754 2077 886 2160 γένηται
908 2075 1023 2146 σκότος
1047 2071 1066 2160 ἢ
1091 2070 1259 2159 ολῖσδημα
1281 2075 1338 2136 καὶ

70 2196 204 2276 ἄγγελος
232 2195 342 2282 κορίοο
370 2198 581 2261 καταδιώκειν
611 2193 715 2262 αὐτόν.
745 2195 798 2262 διὰ
821 2206 915 2262 τοῦτο
944 2200 1005 2282 γὰρ
1030 2195 1156 2262 ἄνωθεν
1178 2200 1214 2262 τὸ
1237 2199 1338 2282 παρὸν

72 2319 228 2408 ἶγγραρον
252 2319 479 2406 οὶκειοχεῖροις
502 2324 685 2406 γράμμασιν
711 2317 922 2408 ένεχαράχδη
949 2327 1022 2408 παρ’
1048 2320 1125 2408 ἐμοῦ
1149 2329 1204 2385 τοῦ
1228 2342 1337 2386 ταπει-

71 2453 124 2508 νοῦ
147 2443 205 2508 καὶ
230 2441 348 2509 ἀθλῖοο
372 2449 518 2543 γέροντοςΙ
543 2444 589 2518 εἰς
611 2443 788 2533 ἀσφάλειαν
812 2445 942 2532 διηνεκῆ
966 2450 1023 2511 καὶ
1040 2448 1208 2530 βεβαίωσιν
1233 2449 1339 2532 μηνὶ

72 2565 1093 2656 αιἰγούστηιπεντεκαιδεκάτη,ἰνδικτιῦινος
1126 2575 1338 2658 πέμπτης
1392 2559 1397 2566 “

72 2691 165 2756 ἔτει
193 2691 601 2781 έξακισχιλιοστηῐ
638 2690 1002 2779 ἑκτακοσιοστηῐ
1032 2693 1339 2781 ὀγδοηκοστῷ

69 2822 252 2903 πέμπτῳ
286 2821 316 2898 β

157 2937 248 3007 Οὕτω
276 2944 332 3004 καὶ
360 2943 395 3004 τδ
429 2942 531 3024 παρὸν
561 2939 749 3025 έκδοτῆριον
783 2941 916 3025 γράμμα
945 2938 978 3004 ἕν
1006 2960 1065 3005 τινι
1094 2941 1224 3026 μονιδῖιρ
1259 2943 1337 3025 πρὸς

69 3067 122 3152 τῆν
147 3067 327 3150 σεβασμῖαν
344 3064 442 3149 μονῆν
458 3072 513 3149 τῆς
534 3058 705 3148 ὑπεραγέας
721 3064 881 3127 δεοτάκοο
897 3071 953 3148 τῆς
976 3063 1098 3139 Ὀξείας
1121 3059 1338 3150 Ἐπισκέψειιις

69 3197 122 3274 τῆς
149 3187 400 3274 Μακρινιτῖσσης
427 3185 470 3272 τῷ
498 3184 543 3260 εὶς
571 3187 626 3272 τῆν
649 3183 837 3270 Χάρμαιναν
865 3185 1056 3273 διακειμένῳ
1080 3183 1138 3252 ὑπὸ
1162 3188 1234 3260 τοῦς
1257 3189 1336 3273 πρὸ·

67 3313 168 3384 ποδας
192 3321 248 3376 τοῦ
272 3309 366 3397 ὄροος
389 3311 566 3394 Κισσάβοο.

155 3441 272 3508 Pasini,
287 3461 319 3515 p,
336 3439 408 3501 355.

67 3628 1337 3718 Τοῦχρηματίσαντοςλογοθέτοοτῦινἆγελῦνστῖχοι

204 3759 309 3840 περὶ
343 3763 421 3841 τῆς
457 3751 720 3844 ἐπιγραφῆς
754 3759 943 3854 καὶτῆς
978 3755 1193 3842 βούλλης.
1283 3849 1285 3854 Α

66 3931 123 3996 Ἐκ
140 3932 309 4018 βασιλικῆς
324 3939 486 4016 προταγῆς
507 3926 672 3994 εῦσονέτοο
725 3929 859 4017 Μιχαὴλ
870 3935 1079 4016 τρισάνακτος
1092 3931 1335 4017 Ἀγγελιιινῦμοο

66 4053 294 4134 Παλαιολόγοο
336 4053 629 4140 Κομνηνοβλάστοο
727 4053 936 4142 Μαλιασηνδς
960 4054 1129 4142 Κομνηνός
1153 4053 1302 4142 Ἰοιάσαφ,

152 4178 276 4242 κλάδοο

66 4299 224 4387 ἀθροίσας
257 4301 301 4376 εὶς
330 4302 362 4368 ἓν
391 4311 451 4365 τῶν
482 4312 584 4386 μονιῦν
612 4311 673 4366 τῦιν
727 4303 1085 4388 τὰχροσὸβοολλασύν
1107 4299 1247 4389 ὁρισμοῖς
1270 4323 1331 4368 κο·
1380 4357 1383 4364 .

150 4424 238 4489 ἰδίων
815 4430 915 4511 σμέιιις

66 4551 119 4611 καὶ
143 4559 345 4636 πατριαρχιῐιν
375 4543 595 4633 ὑπομνήμασιν
625 4547 672 4614 ἔτι
727 4547 786 4614 οὐκ
815 4549 912 4635 ἔσχεν
941 4546 1046 4624 αὐτοῖς
1080 4553 1134 4638 τῆν
1163 4555 1244 4636 χέρα
1273 4552 1332 4633 βα-

816 4674 928 4748 σιλέιιις
