3190 5284
319 541 384 606 XL.
402 541 477 608 Sine
493 561 586 618 εωιιο,
603 563 709 610 mense
725 544 907 630 septembri,
925 543 988 610 ind.
1008 544 1058 610 lx.

168 685 310 742 Μῖοίιαὶί
329 687 458 744 Tesana
473 693 645 745 ποπαείινίο
664 691 755 746 tradit
770 693 915 748 ecclesiam
929 691 959 750 S.
975 691 1191 750 Ρναεπιινεοιίε.

118 835 232 916 ΤΤῦ
261 836 1028 929 ἐκδοτήριονέγγραφονΜιχαήλ
1057 841 1221 928 ίερίως
1250 849 1328 908 τοῦ

2 953 285 1026 ’Τεσαΐπου
321 968 462 1050 χοίριν
490 973 567 1030 τοῦ
599 975 710 1030 ναοῦ
742 974 819 1030 τοῦ
855 971 1013 1050 τιμίου
1048 965 1326 1052 Προδρόμοο

26 1088 109 1148 καί
148 1095 245 1150 τῶν
282 1081 343 1151 ὑπ’
375 1083 517 1152 αὐτοῦ
553 1089 907 1172 βελπιωθέντων
946 1087 1025 1154 καὶ
1062 1109 1328 1176 προσκυρο-

27 1213 225 1274 θέντων
263 1214 547 1295 πραγμάτων
581 1216 612 1292 †.

120 1331 374 1420 *ςΜιχαήλ
399 1331 1327 1424 ίερεῦςἐΤεσαΐπηςοίκείηχιιρίπροί·

28 1458 150 1532 ταξα
192 1461 226 1537 †.

122 1585 147 1660 †
179 1579 239 1645 Ἐν
269 1577 403 1666 δνόματι
431 1589 487 1646 τοῦ
515 1586 634 1668 πατρός
662 1580 798 1648 καὶτοῦ
823 1581 890 1648 υίοῦ
913 1586 971 1648 καί
993 1591 1050 1647 τοῦ
1073 1579 1168 1662 οίγίοο
1190 1582 1328 1668 πνεῦμα·

29 1725 84 1776 τος
114 1706 182 1767 καί
213 1712 273 1790 της
300 1708 416 1790 κορίιυς
444 1709 501 1770 καί
537 1703 670 1792 ἀληθῶς
706 1702 1003 1793 ὑπερευλογημένης
1039 1706 1208 1791 δεσποίνης
1238 1699 1328 1792 ἡμῶν

28 1829 208 1892 θεοπόκου
236 1830 294 1890 καί
318 1824 532 1914 ἀειπαρθένου
547 1827 682 1914 Μαρίας.
709 1827 771 1908 ἐγὼ
794 1828 929 1916 Μιχαὴλ
953 1827 1054 1914 ἱερεῦς
1078 1826 1094 1894 ό
1118 1825 1286 1914 Τεσαΐπης,
1310 1823 1328 1892 δ

30 1949 61 2012 ἐν
88 1963 133 2037 τῇ
155 1949 253 2039 ἀρχῇ
278 1959 333 2016 τοῦ
356 1955 513 2036 παρόντος
537 1955 658 2038 χάρτου
682 1952 899 2039 οὶκειοχείρως
922 1955 1092 2038 προτάξας,
1116 1955 1249 2037 τίθεμαι
1271 1955 1328 2016 καί

30 2087 118 2138 ποιῶ
143 2077 185 2139 τῦ
207 2087 267 2161 της
295 2085 508 2162 προσαγωγῆς
532 2071 621 2163 ήμῶν
642 2079 784 2162 γράμμα,
808 2075 907 2163 ἤγουν
931 2085 987 2162 τῆς
1010 2073 1231 2162 προσενέξεως,
1254 2073 1325 2140 ίδοῦ

30 2200 88 2264 διὰ
116 2207 178 2262 τοῦ
204 2202 366 2284 παρόντος
390 2195 478 2286 ήμῶν
503 2203 691 2285 γράμματος
714 2203 932 2285 προσήνεγκεν
955 2203 1034 2284 πρός
1062 2199 1118 2286 τήν
1147 2199 1326 2285 σεβασμίων

32 2328 93 2387 καί
125 2320 230 2402 ἁγίαν
261 2323 429 2408 βασιλικήν
459 2325 555 2409 μονήν
584 2331 639 2408 τῆς
668 2319 843 2408 ὑπεράγνυυ
869 2325 1071 2409 θεομήτορος
1095 2331 1151 2410 τῆς
1174 2320 1326 2410 Λεμβιω-

34 2453 166 2532 πίσσης.
201 2444 273 2509 ἐπεί
309 2449 370 2531 γὰρ
398 2443 415 2508 ό
443 2449 547 2532 πατήρ
577 2468 637 2532 μου
662 2447 793 2524 ἐκείνος,
830 2445 972 2521 Ἀλέξιος
1000 2445 1101 2531 ἱερεὺς
1125 2443 1142 2511 ὁ
1170 2442 1328 2534 Τεσαΐτης

35 2569 210 2634 ἐκδέδωκε
235 2571 289 2634 τόν
319 2565 483 2656 εῦκτήριον
508 2568 595 2634 οἶκον
621 2567 666 2643 είς
690 2573 744 2656 τήν
769 2568 894 2635 ἄνωθεν
921 2569 1125 2656 δηλωθείοαν
1150 2569 1248 2656 μονήν
1272 2569 1328 2634 διὰ

33 2696 175 2758 πλείονα
202 2692 369 2775 βελτίωσιν
393 2697 449 2756 καί
473 2693 624 2756 σύστασιν
641 2701 696 2758 τοῦ
721 2695 864 2758 τοιούτου
886 2701 963 2758 ναοῦ
988 2696 1045 2758 καί
1069 2691 1114 2766 είς
1138 2688 1328 2778 εὐπρέπειαν

36 2829 90 2882 τοῦ
123 2821 245 2893 τόπου,
282 2816 352 2880 ἐπεί
380 2819 436 2880 καί
464 2813 608 2902 ἀσκεπής
635 2814 674 2903 ήν
698 2813 715 2880 ὁ
743 2827 886 2891 τοιοῦτος
914 2819 1005 2894 ναός,
1035 2818 1090 2903 τήν
1119 2819 1260 2902 σήμερον
1289 2814 1325 2880 δέ

36 2942 201 3026 ἐκδίδωμι
224 2944 283 3004 καί
308 2937 382 3020 ἐγὼ,
408 2936 468 3004 κᾶν
493 2938 523 3004 εἴ
543 2961 573 3004 τι
597 2937 661 3024 ἄρα
684 2943 740 3004 καί
765 2938 940 3024 ἐβιλτίωσα
964 2939 997 3004 ἐν
1018 2939 1062 3026 τῷ
1084 2941 1215 3023 τοιούτῳ
1239 2939 1325 3023 τόπῳ

4 3077 5 3110 ῑ
37 3071 119 3148 μετὰ
150 3067 213 3128 καί
243 3071 298 3126 τοῦ
323 3059 427 3127 ἐκείσε
452 3057 542 3135 ὄντος
570 3071 649 3128 ναοῦ
674 3072 728 3128 τοῦ
752 3069 856 3149 τιμίου
879 3067 1041 3152 προφήτου
1064 3065 1245 3149 προδρόμου
1268 3067 1326 3127 καί

39 3194 220 3271 βαπτιστοῦ
251 3183 400 3253 Ἰωάννου
427 3191 483 3252 καί
513 3192 592 3272 μετὰ
620 3192 727 3274 πιίσης
756 3198 811 3274 τῆς
838 3193 1022 3274 περιουσίας
1048 3183 1138 3274 ἡμῶν
1162 3182 1239 3272 ὑπὲρ
1263 3190 1324 3273 ψο-

4 3317 5 3342 ί
38 3325 134 3398 χικῆς
165 3309 261 3400 ἡμῶν
299 3316 472 3398 σωτηρίας,
508 3312 529 3375 ἃ
558 3313 596 3397 δή
624 3316 680 3375 καί
709 3313 844 3386 καθέξει
872 3311 917 3396 σμ’
947 3317 1036 3398 μέρει
1064 3321 1120 3398 της
1144 3311 1324 3396 σεβασμίας

40 3448 136 3524 μονῆς
166 3435 232 3502 ἀπὸ
257 3444 314 3522 τῆς
338 3437 486 3520 σήμερον,
511 3432 554 3508 ὡς
574 3435 720 3507 δεσπότις
744 3439 799 3499 καί
815 3439 919 3521 κυρία,
943 3437 1001 3499 καί
1023 3446 1121 3499 ποιεῖν
1145 3431 1192 3498 ἐπ’
1217 3429 1323 3508 αῦτοίς

41 3567 74 3624 τὰ
95 3563 267 3625 δοκοῦντα
289 3553 372 3644 αῦτη
397 3559 439 3643 μή
458 3556 674 3644 ἐνοχλουμένη
691 3564 764 3643 παρ’
782 3557 977 3644 οἱουδήτινος
992 3559 1161 3644 προσώπου
1177 3555 1197 3646 ή
1220 3579 1322 3643 προσ-

41 3696 135 3762 γενιῐιν
165 3681 261 3770 ἡμῶν
289 3680 310 3769 ἤ
341 3686 398 3746 καί
433 3679 621 3766 ἀλλοτρίων,
658 3679 720 3760 ἐγὼ
750 3683 785 3745 δέ
816 3676 851 3745 οὐ
887 3685 1092 3768 τραπήσομαι
1118 3685 1243 3746 πώποτε
1274 3677 1322 3768 ἐφ’

43 3809 82 3882 τίς
112 3805 323 3887 όπετῦπωσα,
355 3808 465 3891 μήπως
492 3807 683 3890 κατακριθῦι
712 3802 755 3878 ὡς
779 3804 956 3892 ἱερόσυλος,
982 3803 1026 3879 ὣς
1050 3803 1066 3870 δ
1091 3805 1241 3878 Ἀνανίας
1263 3802 1321 3870 καί

42 3930 57 4018 τ’,
80 3933 264 4018 Σαπφείρα·
288 3925 325 3994 οῦ
351 3931 447 4014 μόνον
469 3929 505 3992 δέ
529 3937 632 4008 τοῦτο,
659 3925 818 3992 ἀλλὰκαὶ
841 3933 897 4002 τὰς
921 3926 1002 4014 ἀρὰς
1017 3927 1082 4005 ἐξει
1105 3939 1165 3992 τῶν
1188 3948 1319 4013 τριακο-

46 4063 111 4121 σίων
140 4055 317 4119 δεκαοκτὼ
345 4055 511 4139 θεοφόρων
534 4056 678 4136 πατέρων
706 4062 767 4116 τῶν
796 4050 829 4115 ἐν
856 4051 992 4136 Νικαίογ,
1017 4053 1260 4139 ζημιωθήσεται
1283 4051 1319 4114 δὲ

47 4187 94 4244 ιιί
121 4179 168 4252 ὣς
197 4179 394 4263 πλεονέκτης
422 4179 475 4240 καί
505 4173 666 4261 ἀθετητής
694 4184 750 4261 τῆς
781 4181 948 4255 γεγονυίας
977 4173 1066 4262 ήμιῦν
1093 4177 1235 4260 πράξεως
1262 4179 1320 4239 καί

49 4315 93 4368 τοῦ
117 4303 295 4390 θεοφιλοῦς
319 4309 444 4364 σκοποῦ
467 4301 544 4384 πρός
568 4301 603 4364 τό
629 4298 796 4382 βασιλικόν
821 4301 999 4385 βεστιοίριον
1024 4295 1187 4384 ῦπέρπυρα
1211 4301 1319 4383 λίτραν

50 4434 123 4510 μίαν,
150 4429 195 4514 μή
212 4427 256 4502 είς
279 4445 353 4490 τινα
374 4424 507 4508 νομικὴν
530 4421 550 4509 ή
577 4421 769 4509 ἀρχοντικήν
795 4424 951 4509 βοήθειαν
974 4423 1239 4510 καταφεύγοντες.
1266 4421 1319 4485 διὰ

51 4557 103 4636 γὰρ
134 4559 225 4617 τοῦτο
261 4547 411 4629 ἐγεγόνει
443 4549 499 4609 καί
535 4548 570 4610 τῦ
604 4548 705 4631 παρόν
741 4555 797 4632 τῆς
827 4556 1039 4633 προσαγωγῆς
1067 4542 1157 4633 ήμιῑιν
1186 4549 1319 4632 γράμμα

57 4673 171 4743 ἐντόπιον
197 4677 397 4755 ἀξιοπίστων
420 4671 595 4755 μαρτύρων,
621 4673 678 4734 καί
708 4667 849 4754 ἐπεδόθη
878 4668 920 4754 τῷ
948 4675 1036 4756 μίρει
1062 4679 1117 4754 τῆς
1142 4671 1320 4756 οεβασμίπς

1092 4785 1106 4832 7
