3190 5284
1249 283 1309 348 133

77 477 114 538 διὰ
136 477 289 561 συμφώνου
316 497 371 559 μοι
396 475 534 538 δέδωκεν
563 472 580 539 ὁ
609 472 769 560 αὐθέντης
797 479 853 538 καὶ
875 479 979 561 πατήρ
1003 441 1217 560 μεωὲκεῑνος,
1242 475 1308 542 Ἰω-

76 604 146 684 άννης
166 595 181 660 ὁ
202 595 396 685 Μοιχκαιρᾱς,
423 597 465 684 τῷ
491 596 619 684 ἀριθμῷ
639 597 740 663 εἴκοσι
764 599 830 674 δύο,
857 599 958 662 ἴδωκε
982 599 1018 662 δέ
1044 597 1105 663 ἀπό
1130 599 1245 662 τούτων
1269 601 1308 664 τὰ

37 681 39 772 λ
74 721 161 786 ἕνδεκα
182 717 253 806 ὑπὲρ
270 723 475 808 μνημοσύνοο
500 718 596 786 αύτού
614 743 646 785 τε
670 726 727 786 καὶ
749 719 838 809 ἡμῶν
861 725 938 808 πρὸς
959 725 1015 809 την
1040 717 1196 809 ῥηθεῖσαν
1214 721 1308 802 ἁγίαν

75 847 158 932 μόνην,
190 848 228 910 τὰ
254 845 292 910 δέ
319 843 416 931 ἕτερα
442 842 574 922 ἕνδεκα,
608 843 661 910 ἵνα
689 847 911 932 διαπραθῶσιν
946 846 990 919 εἰς
1025 849 1080 932 την
1110 848 1207 934 μονὴν
1235 846 1308 932 παρ’

72 967 144 1055 ἡμῶν.
166 965 206 1042 ὣς
227 967 264 1032 δέ
281 991 319 1048 ηε
343 969 387 1055 τῷ
409 971 492 1033 τέλει
509 977 564 1034 τού
589 971 658 1052 βόοο
675 967 836 1056 ἐχρήσατο
853 973 908 1034 καὶ
932 971 977 1044 εὶς
993 974 1032 1036 τὰ
1056 969 1183 1036 ἐκεῖθεν
1209 969 1307 1058 έπέβη

73 1095 264 1180 όιιοιωτηρια,
293 1092 353 1157 ούκ
379 1093 504 1182 ἔφθασε
539 1094 575 1157 δέ
602 1096 805 1179 ποιήσασθαι
833 1097 1004 1180 πρατήριον
1039 1095 1083 1168 εὶς
1110 1099 1148 1158 τὰ
1176 1103 1309 1160 τοιαῦτα

73 1215 157 1280 ἐλιῑκά
177 1219 254 1302 πρός
279 1219 335 1303 τὴν
360 1219 539 1302 σεβασμύαν
562 1221 618 1281 καὶ
642 1213 736 1296 ἁγίαν
761 1219 928 1304 βασιλικὴν
953 1221 1059 1305 μονην,
1085 1219 1139 1306 την
1169 1222 1306 1305 σήμερον

73 1349 124 1417 χιύν
147 1339 324 1426 έτιδὶδομέν
355 1365 415 1422 σοι,
440 1340 482 1424 τῷ
506 1344 733 1426 πανοσιωτάτιρ
758 1337 899 1427 αύθέντη
923 1347 979 1406 καὶ
1001 1345 1108 1428 πατρὶ,
1136 1345 1306 1430 καθηγού-

73 1463 131 1548 ρένρ
153 1469 205 1530 καὶ
228 1463 434 1550 ἱερομονάχω
461 1463 622 1550 Κοριλλιρ,
647 1473 703 1550 τῆς
731 1467 880 1551 τοιαύτης
904 1475 1017 1552 μονῆς,
1054 1467 1087 1530 έν
1110 1471 1244 1552 πρώτοις
1272 1467 1306 1529 τύ

35 1575 36 1606 ¹
71 1593 205 1676 τριτημιον
234 1599 296 1653 τῶν
333 1591 480 1653 τοιούτων
505 1587 641 1652 έλαϊκῶν
676 1589 821 1674 δένδρων,
852 1590 960 1654 ἔπειτα
996 1587 1072 1676 ύπέρ
1108 1593 1307 1676 μνημοσύνοο

69 1709 130 1796 ι’μύν
154 1711 265 1777 ἐλαῐκὰ
297 1713 427 1798 δένδρα,
457 1711 523 1777 ἐπεὶ
552 1715 590 1777 τὰ
617 1711 712 1798 ἕτερα
734 1711 850 1777 ἕνδεκα
877 1718 1098 1800 πιπράσκομεν
1122 1717 1200 1800 πρός
1224 1711 1308 1798 ὑμᾶς

70 1833 99 1909 εἰς
116 1841 287 1922 νομίσματα
313 1832 471 1922 ύπὲρπορα
496 1835 610 1915 ὲξάηια
633 1841 776 1922 τέσσαρα
799 1857 829 1902 κ.
855 1861 881 1902 τ.
907 1839 934 1902 λ.
959 1835 1050 1910 ὅστις
1071 1847 1145 1916 γούν
1170 1859 1200 1904 κ.
1226 1859 1251 1901 τ.
1276 1838 1305 1900 λ.

72 1964 139 2043 ζημίη
162 1957 406 2043 ύποκεισόμεθα
442 1955 601 2047 ύτέρπορα
638 1961 765 2024 δώδεκα
793 1965 849 2024 καὶ
877 1965 910 2026 τό
934 1965 1019 2026 κατὰ
1044 1965 1159 2048 νόμους
1185 1961 1229 2034 εἰς
1253 1965 1305 2024 τόν

71 2085 203 2168 δημόσιον,
240 2085 286 2170 μη
317 2083 360 2158 εἴς
389 2105 457 2148 τινα
485 2083 618 2170 νομικὴν
647 2085 803 2171 βοήθειαν
831 2087 1100 2172 καταφεύγοντες,
1132 2085 1216 2148 ἀλλὰ
1251 2089 1306 2148 καί

72 2208 95 2279 ἃς
116 2207 167 2295 ἔχη
188 2209 443 2291 καταβαλέσθαι
467 2207 511 2279 εἰς
536 2206 617 2272 αὐτὰ
644 2205 770 2281 ἐξόδους
795 2207 841 2282 εὶς
865 2211 901 2272 τό
925 2193 1089 2272 διπλάσιον
1115 2211 1305 2294 ζημιωθεῖεν

72 2329 278 2420 ιιιάςμηνί
306 2329 640 2416 ἀπριλλίῳίνδ.
666 2331 793 2414 β’τού
819 2331 947 2418 ,ςψξξ
974 2333 1161 2404 ἔτοοςκ.
1187 2333 1258 2397 τ.λ.

130 2471 301 2560 Μάρτυρες·
330 2471 427 2540 Ξένος
455 2470 472 2538 ὁ
496 2471 685 2558 Καπύλλης,
713 2471 860 2558 Ἰωάννης
884 2471 900 2536 δ
929 2472 1086 2559 Σμύρνης,
1116 2472 1260 2559 Ἰωάννης
1288 2471 1305 2537 ύ

71 2593 201 2682 Μηλαβᾱς,
226 2599 382 2668 διάκονος
407 2595 422 2660 ό
448 2595 655 2682 Σορόποολος,
680 2595 843 2669 Νικόλαος
867 2595 883 2662 ὁ
906 2597 1101 2683 Κριτζάτης,
1130 2595 1264 2684 Μιχαὴλ
1288 2593 1305 2660 δ

71 2719 178 2807 λιχερός,
200 2721 370 2794 Νικόλαος
395 2717 410 2783 ό
434 2719 632 2806 Μαδαρέτης.

130 2858 929 2950 ῨὉχραρεύςτούύροος,εὐτελὴς
957 2861 1213 2947 ἱερεύςκαί
1241 2883 1303 2926 νο·

71 2989 171 3066 μικός
198 2997 278 3073 τῆς
308 2985 577 3072 ἁγιωτάτης
614 2987 948 3071 μητροπόλεως
984 2983 1191 3071 Σμύρνης
1226 2990 1303 3048 καὶ

71 3107 223 3194 ἐνορίας
251 3104 1127 3194 Μαντσιίας,ἸωάννηςόΛαοδικηνύς,
1154 3112 1302 3172 τὰτού

71 3227 454 3321 ἦρσοςδηλούμενα
480 3235 996 3319 χράψαςκαίμαρτορων
1022 3228 1300 3317 ύπέηραψοιη.

31 3407 32 3496 θ
334 3479 426 3546 LXV.
444 3479 519 3546 Siue
535 3499 624 3558 anno,
643 3500 748 3544 ιιιοιιεο
765 3479 851 3556 iulio,
871 3477 934 3543 ind.
952 3477 1003 3542 Ἠ.

316 3628 443 3682 Ioannes
458 3627 604 3682 Pau-doleo
619 3631 790 3682 monasterio
806 3628 900 3681 vendit
917 3629 1016 3682 οὶίινιε.

129 3799 251 3884 Signa:
277 3797 424 3864 Ἰωάννου
448 3809 504 3862 τοῦ
528 3796 778 3881 Παρδολέοντος,
802 3794 940 3882 Εἰρήνης
964 3806 1019 3882 της
1044 3799 1176 3881 σομβέοο
1195 3794 1301 3873 αὐτοῦ,

69 3911 237 4006 ’λνδρωόκοο
257 3926 316 3987 καὶ
333 3917 476 4007 Μιχαὴλ,
501 3931 561 3983 των
585 3919 657 3984 οἱων
674 3916 785 3999 αὐτῶν,
811 3923 866 3982 καὶ
890 3918 1053 4004 Ῥωμανσύ
1074 3928 1129 3983 τοῦ
1148 3919 1299 4004 Βαρότοο.

31 4037 32 4042 ¹
129 4065 215 4143 †'Ev
239 4063 377 4149 δνόματι
408 4083 437 4126 κ.
462 4085 488 4126 τ.
517 4065 546 4126 λ.
575 4058 664 4147 ἡμεῖς
693 4059 721 4124 οἱ
750 4059 874 4125 ἄνωθεν
897 4081 928 4124 κ.
953 4083 978 4124 τ.
1001 4061 1029 4124 λ.
1059 4063 1114 4146 την
1137 4069 1301 4144 παροῦσαν

70 4180 191 4274 ἔγγραφον
217 4193 276 4254 καὶ
302 4185 518 4273 ένοπόηραφον
540 4235 546 4249 .
570 4237 577 4250 .
601 4237 607 4248 .
632 4235 638 4248 .
667 4193 781 4268 πρᾶσιν
803 4191 966 4257 ποιοῦντες
993 4205 1023 4248 κ.
1049 4205 1074 4247 τ.
1100 4184 1127 4246 λ.
1152 4185 1228 4266 πρὸς
1252 4187 1303 4259 σές

70 4307 103 4368 τόν
124 4317 353 4377 πανοσιιύτατον
377 4311 624 4396 καθηγούμενον
652 4317 706 4394 τῆς
731 4309 907 4392 σεβασμέας
932 4308 1100 4392 βασιλικῆς
1125 4316 1222 4392 μονῆς
1245 4316 1300 4392 της

70 4425 210 4516 ι’περάτνοο
239 4459 303 4522 μου
330 4435 532 4520 θεομήτορος
561 4441 617 4518 τῆς
642 4429 900 4516 Λεμβιωτόσσης,
930 4432 983 4493 τόν
1011 4428 1219 4515 ἱερομύναχον
1242 4437 1300 4512 κύρ

71 4549 183 4644 λλημην,
205 4564 258 4625 τόν
283 4561 427 4644 μοναχὸν
452 4557 559 4640 Σάβαν
583 4559 639 4618 καὶ
662 4559 781 4626 πάντας
805 4554 877 4625 τούς
902 4554 1071 4638 μοναχούς,
1104 4555 1217 4625 καθὼς
1241 4555 1299 4639 δη-

73 4673 228 4767 λωθήσεται.
258 4687 318 4747 καὶ
347 4685 408 4764 Ιιάρ
443 4684 480 4744 τά
510 4679 624 4742 έλαϊκύι
648 4675 736 4764 ἡμῶν
760 4678 888 4762 δένδρα,
914 4675 994 4761 άπερ
1019 4677 1084 4762 ἔχω
1109 4675 1145 4740 έκ
1169 4683 1299 4762 προικός
