3190 5284
277 264 338 332 126

273 453 400 542 ἀγάπην
424 457 481 520 καί
498 457 709 540 συγχώρησιν,
732 451 791 518 καὶ
813 463 879 526 τοῖς
901 429 1047 538 μισόύσιν
1070 449 1156 541 ἡμᾶς
1179 463 1331 540 ποιοῦμεν
1354 452 1560 538 διαλλαγὴν.

275 577 387 644 ἔπειτα
415 579 451 644 δέ
480 574 668 665 ηὑρέθησαν
697 573 770 664 ἡμῖν
799 573 832 644 ἐν
856 578 900 661 τῷ
928 581 1062 662 παρόντι
1085 578 1164 664 τφδε
1189 579 1258 662 βίῳ,
1283 574 1376 641 ἅτινα
1399 581 1457 641 καί
1482 576 1565 661 ἔχω

275 698 312 766 ἐκ
335 704 466 787 προικός
491 709 546 786 της
570 703 720 780 γυναικός
745 721 819 786 μου,
838 699 937 786 ἤγουν
961 704 1125 788 χωρσίριον
1155 699 1200 772 είς
1223 700 1279 785 την
1302 697 1412 786 Βύρην
1429 701 1562 785 μυδίων

274 827 454 908 τριοίκοντα,
479 819 630 896 ὡσαύτως
653 827 710 888 καί
727 823 772 896 είς
796 825 851 909 την
875 823 1017 909 Σμύρνην
1040 821 1193 908 ἀμπέλων
1209 827 1267 887 καί
1290 819 1368 887 αύτό
1392 821 1431 886 ἐκ
1453 843 1562 907 προι-

273 949 331 1020 κός
349 967 409 1032 μου
432 943 510 1012 ὡσεί
534 947 649 1032 μοδίων
675 947 741 1024 δύο,
766 950 822 1012 καί
845 944 963 1034 ἀρίημι
979 956 1079 1012 ταῦτα
1103 943 1148 1019 είς
1172 946 1228 1032 τήν
1253 948 1354 1032 μονὴν
1376 957 1437 1010 των
1460 944 1562 1031 Λέμ-

274 1073 348 1153 βων,
373 1068 417 1142 είς
440 1069 478 1156 ἣν
503 1070 609 1156 μέλλω
634 1067 835 1156 ἀποκαρηναι
859 1067 903 1142 ὡς
928 1071 1071 1154 μοναχός
1094 1069 1151 1142 τὰς
1174 1073 1286 1156 τρίχας
1310 1079 1367 1156 της
1390 1070 1561 1158 κεφαλῆς.

276 1191 344 1258 ἀντί
372 1193 408 1256 δὲ
432 1201 486 1256 τού
510 1191 677 1281 χωραρίου
705 1197 760 1256 καὶ
789 1201 843 1258 τού
868 1190 1039 1276 ἀρπελίου,
1063 1189 1105 1255 ὧν
1129 1191 1257 1256 δέδωκα
1280 1193 1335 1258 διὰ
1362 1193 1416 1278 τὴν
1442 1195 1563 1279 ψυχήν

277 1339 337 1402 μου
365 1316 410 1390 είς
434 1318 489 1402 την
518 1317 616 1402 μονὴν
637 1311 680 1388 ὡς
710 1314 747 1380 ἐκ
774 1321 906 1400 προικός
930 1312 1007 1380 ὄντα
1030 1325 1086 1402 τῆς
1110 1318 1260 1394 γυναικός
1288 1337 1359 1401 μου,
1384 1312 1453 1380 ἀντὶ
1479 1317 1565 1379 τού-

276 1461 335 1504 των
365 1438 480 1526 ἀφίημι
508 1439 563 1524 τὴν
592 1443 727 1517 γυναῖκά
756 1459 815 1523 μου
844 1441 883 1502 τὰ
914 1434 1050 1524 όσπήτιά
1073 1459 1150 1523 μου,
1180 1437 1254 1502 ἄνευ
1279 1442 1384 1523 μέντοι
1408 1447 1470 1502 τῶν
1497 1439 1567 1502 δύο

276 1559 447 1648 όσπηείων,
477 1559 557 1646 ἅπερ
586 1561 715 1647 ἔχουσιν
745 1559 906 1632 οίπαῖδίς
931 1562 1062 1646 μου,τό
1087 1565 1143 1646 μέν
1167 1561 1200 1624 έν
1224 1562 1423 1646 κεραμωτύν,
1454 1563 1494 1626 τό
1523 1562 1566 1625 δέ

273 1681 380 1770 ἕτερον
398 1685 593 1767 καλυβωτόν,
619 1687 674 1750 καί
699 1686 733 1749 τό
759 1682 924 1769 ἀμπέλων,
950 1680 1025 1769 ὅπερ
1050 1683 1128 1770 έχω,
1151 1682 1226 1749 ἄνευ
1251 1679 1347 1769 ούπερ
1365 1683 1501 1770 ἔχουσιν
1530 1683 1565 1749 σί

273 1809 384 1880 παῖδές
422 1829 481 1893 μου
504 1805 737 1895 ἀδελρομοίριν.
774 1810 830 1872 καί
857 1806 888 1870 εί
908 1831 938 1872 τι
962 1805 1042 1872 ἄλλο
1070 1807 1137 1894 ἔχω
1173 1806 1217 1882 εἰς
1241 1811 1281 1872 τὰ
1315 1798 1452 1894 όσπητιό
1479 1831 1563 1894 μου,

275 1929 432 2018 ὲπαρίημι
467 1929 544 1996 αύτό
569 1931 624 2016 τὴν
660 1935 795 2010 γυναῖκα
820 1953 880 2016 μου
903 1935 960 1996 καὶ
994 1934 1029 1995 τό
1052 1933 1159 1996 παιδίν
1184 1953 1253 2017 μου.
1291 1930 1320 1996 εί
1347 1933 1382 1994 δέ
1411 1953 1448 2010 γε
1472 1953 1564 1995 ποτε

274 2065 334 2118 τῶν
370 2063 488 2137 καιρων
522 2055 664 2138 πειραθη
689 2075 735 2125 τις
760 2052 967 2138 διενοχλῆσαι
1002 2047 1098 2138 αύτην
1122 2057 1275 2136 περὶτῶν
1311 2049 1469 2138 όσσητίων
1498 2056 1565 2116 καί

276 2186 334 2240 τού
361 2175 531 2260 ἀμπέλίου,
567 2173 619 2238 ἵνα
643 2175 706 2260 ἔχη
730 2197 749 2260 η
775 2177 851 2260 γυνη
876 2177 911 2240 τό
941 2173 979 2240 ὲκ
1006 2177 1137 2260 προικός
1172 2171 1271 2262 αύτῆς
1300 2178 1465 2262 χωρσίριον
1499 2179 1566 2239 καὶ

275 2303 311 2364 τό
338 2299 501 2384 ἀμπέλων,
525 2294 545 2384 ἡ
570 2299 605 2362 δέ
630 2300 710 2384 μονὴ
736 2296 837 2384 ἐχέτω
861 2301 900 2362 τὰ
924 2296 1071 2385 όσπητια·
1101 2297 1129 2364 εί
1151 2299 1188 2362 δέ
1217 2297 1387 2385 ἐνοχλήσει
1409 2293 1565 2384 ἡοίδελ-

276 2426 319 2510 φή
344 2445 404 2508 μου
426 2425 495 2506 περί
525 2417 561 2484 ού
592 2420 664 2507 ἔχει
692 2425 797 2505 τρίτου
826 2419 985 2497 ἐνταῦθα,
1011 2418 1217 2498 ἀπολυσότω,
1241 2418 1317 2507 ὅπερ
1342 2419 1462 2506 ἀπῆρεν
1491 2421 1564 2486 ἀπὸ

277 2553 331 2608 τού
354 2544 528 2632 Καρβώνη,
554 2539 642 2628 ὅτιὴ
669 2545 799 2629 τοιαύτη
825 2542 1011 2628 ἑξάπροικος
1035 2541 1084 2630 ἦν.
1114 2545 1170 2608 καί
1193 2553 1293 2608 ταῦτα
1315 2547 1418 2609 πάντα
1441 2544 1564 2619 καλῶς

278 2667 519 2751 διαταξάμενος,
545 2664 631 2738 ὅστις
646 2669 787 2752 πειραθῇ
811 2665 831 2754 ἢ
857 2667 1006 2753 βουληθῇ
1031 2667 1206 2752 ἀνατρέψαι
1222 2667 1276 2752 τὴν
1298 2671 1465 2751 παροῦσάν
1493 2691 1565 2752 μου

278 2792 458 2876 διαθήκην,
487 2787 539 2853 ἵνα
564 2787 732 2853 ἐπισπᾶται
756 2792 812 2860 τὰς
837 2789 916 2873 ἀρὰς
940 2799 1000 2852 τῶν
1024 2795 1213 2874 τριακοσίων
1237 2791 1404 2854 δεκαοκτὼ
1427 2791 1564 2878 θεοφό-

279 2935 343 3000 ρων.
362 2915 504 2998 πατέρων
529 2923 587 2977 των
617 2911 803 2996 ὲνΝικαίη,
829 2915 884 2976 καί
914 2922 1024 2996 πρῶτα
1048 2916 1104 2998 μὲν
1139 2915 1174 2976 τό
1203 2923 1269 3000 φῶς
1303 2923 1359 2998 τῆς
1386 2914 1563 2999 τρισηλίσυ

278 3040 434 3122 θεότητος
455 3032 491 3099 ού
517 3037 559 3121 μὴ
588 3033 763 3122 θεάσηται,
794 3032 846 3100 ὅτε
875 3038 1156 3122 παραστησόμεθα
1184 3035 1228 3121 τῷ
1249 3033 1417 3118 ἀδεκάστιρ
1441 3049 1561 3124 κριτῇ,

279 3161 407 3246 καὶτῆς
432 3171 490 3224 των
508 3168 696 3244 χριστιανων
722 3157 852 3242 μερίδος
874 3157 994 3244 έκπέση
1020 3155 1062 3230 ὡς
1087 3154 1104 3221 ό
1128 3157 1249 3232 Ἰούδας
1274 3167 1328 3244 τῆς
1351 3159 1562 3238 δωδτκάδος,

277 3289 334 3350 καί
356 3286 633 3368 καταταχήσηται,
658 3278 736 3345 ὅπου
761 3279 777 3345 ό
803 3282 930 3367 σκώληξ
955 3276 990 3344 ού
1015 3281 1145 3365 τελευτηῖ
1171 3289 1228 3346 καί
1250 3285 1285 3347 τό
1308 3291 1368 3368 πύρ
1392 3277 1428 3344 ού
1455 3285 1561 3366 σβέν-

278 3429 375 3472 νυται.
410 3417 559 3492 παρῆσαν
588 3405 623 3468 δὲ
659 3407 814 3490 μάρτυρες
840 3401 871 3466 ὲν
908 3405 1006 3490 ταύτη
1037 3401 1053 3467 ὅ
1082 3427 1115 3468 τε
1149 3401 1314 3478 Νικόλαος
1345 3403 1361 3470 δ
1396 3403 1560 3493 Τατίκης,

277 3529 434 3616 Γεωργιος
458 3527 479 3592 ό
499 3529 707 3612 Δρουγγοίρης
731 3531 787 3590 καί
809 3525 901 3590 Λέων
925 3524 942 3590 ό
966 3525 1165 3612 Τίουρουλός
1188 3533 1216 3608 †.

447 3709 705 3816 ΣίγνονίΜαρίας
796 3711 1095 3814 Σίγνονίθεοδώρας
1152 3719 1439 3818 ΣίγνονιΓεωργίου

315 3819 725 3930 W
764 3852 819 3930 τῆς
842 3835 1064 3940 Γορίδατίνης.
1130 3819 1523 3942 W

543 4175 622 4241 LIX.
641 4175 870 4256 6780-1272,
889 4193 994 4239 mense
1011 4173 1114 4260 aprili,
1134 4175 1199 4242 ind.
1216 4179 1280 4244 XV.

551 4327 714 4397 Τόσοιίονιισ
730 4341 878 4397 θονιίατιιιι
893 4341 1008 4397 Ρίιοσασ
1023 4361 1155 4414 campum
1170 4347 1274 4400 vendit.

343 4532 387 4606 ·†
415 4526 470 4592 Τό
497 4529 757 4613 πρατήριον
793 4527 1027 4614 ἔγγραφον
1055 4538 1133 4594 τού
1167 4529 1408 4616 Γορδάτου
1437 4541 1556 4622 πρὸς

280 4653 353 4712 τόν
379 4648 554 4722 Φωκόν,
580 4653 654 4714 τόν
679 4651 887 4732 γαμβρόν
913 4660 990 4735 της
1014 4651 1319 4738 Κυραμαρίας
1342 4661 1371 4734 †·
