3190 5284
282 550 345 616 XL.
365 551 440 616 Sine
457 571 548 627 υυιιυ,
566 571 672 618 mense
688 553 870 640 septembri,
887 551 951 618 ind.
971 552 1021 618 lx.

144 695 272 752 Μῐτίιοίί
291 697 422 754 Tesana
436 701 608 754 ιιιυτιαειινίο
626 699 718 754 tradit
733 701 878 756 εττίεείιιοι
891 699 922 758 S.
938 699 1154 758 Ρταεοιιντοιίε.

104 845 197 926 ssa
222 847 991 938 ἔτιδοτήριονέγγραφονΜιχαήλ
1020 849 1184 936 ἱερέως
1213 857 1291 915 τοῦ

40 969 246 1036 Τεσαΐτυυ
283 977 426 1060 χάριν
454 983 530 1039 τοῦ
562 983 673 1039 ναοῦ
705 982 782 1039 τοῦ
818 979 976 1062 τιμίου
1011 973 1289 1060 Πρυδρόμυυ

41 1098 98 1160 ταί
127 1105 207 1160 τῶν
242 1091 305 1161 ὑπ’
337 1093 480 1162 αὐτοῦ
516 1098 871 1182 βελτιωθέντων
909 1095 989 1162 ιιαί
1026 1117 1291 1186 προστιμω-

42 1223 189 1284 θέντων
222 1224 510 1305 πραγμάτων
545 1225 575 1301 †.

105 1339 821 1430 ήΜιχαήλίερεῦςόΤεσαίτης
846 1343 1291 1432 οίτιείαχειρίπροί-

43 1467 128 1540 ταξα
159 1470 187 1546 †.

108 1593 125 1668 †
150 1588 199 1654 Ὲν
228 1587 367 1676 ὀνόματι
394 1599 450 1656 τοῦ
479 1595 597 1676 πατρός
626 1589 683 1656 καί
706 1599 761 1656 τοῦ
786 1591 853 1658 υἱοῦ
877 1594 934 1656 τιαί
957 1599 1013 1655 τοῦ
1036 1587 1131 1670 ἁγίου
1153 1589 1291 1676 πνεῦμα·

45 1733 81 1783 τις
102 1716 152 1776 ταί
176 1722 231 1800 τῆς
260 1717 379 1800 κυρίως
407 1719 464 1778 καί
500 1712 634 1802 ἀληθῶς
670 1711 966 1802 ὑπερευλογήμίνης
1002 1714 1172 1798 δεσποίνης
1201 1707 1291 1799 ἡμῶν

45 1835 172 1900 θεοτόιιου
197 1841 254 1901 οιαὶ
279 1834 495 1923 ἀειπαρθένου
511 1836 646 1923 Μαρίας.
672 1836 735 1918 ἐγὼ
757 1837 893 1924 Μιχαήλ
916 1835 1017 1922 ίερειλς
1041 1834 1057 1902 ό
1082 1833 1249 1921 Τεσαΐτης,
1274 1831 1291 1900 ό

46 1955 67 2018 ἐν
84 1971 115 2044 τῇ
131 1959 212 2048 ἀρχή
237 1969 295 2026 τοῦ
319 1965 477 2046 παρόντος
501 1965 622 2048 χάρτου
646 1961 862 2048 οὶκειοχείρως
885 1962 1055 2046 προτάξας,
1079 1963 1213 2045 τίθεμαι
1234 1961 1292 2024 τιαί

46 2093 104 2145 τοιῦ
123 2086 153 2147 τό
171 2096 227 2171 τής
254 2093 471 2171 προσαγωγῆς
496 2081 585 2172 ἡμῶν
606 2087 748 2172 γράμμα,
772 2083 871 2171 ἤγουν
895 2094 950 2170 τής
974 2081 1195 2170 προσενίξεως,
1217 2081 1289 2148 ίδυό

47 2205 84 2268 za&
102 2215 148 2270 τοῦ
169 2211 330 2294 παρόντος
354 2205 442 2295 ἡμῶν
466 2211 654 2294 γράμματος
677 2211 895 2294 προσήνεγκον
919 2211 998 2293 πρός
1026 2207 1081 2294 τήν
1111 2207 1290 2293 σεβασμίαν

49 2333 88 2391 ιιί
110 2327 192 2408 ἁγίαν
221 2333 393 2418 βασιλικήν
423 2334 519 2418 μονήν
548 2339 603 2418 τῆς
632 2327 807 2416 ὑπερτίγνου
833 2333 1035 2418 θεομήτορυς
1059 2339 1115 2417 τῆς
1138 2327 1290 2418 Λεμβιω·

50 2457 140 2538 τίττγς.
167 2451 233 2519 ἐπεί
270 2459 333 2540 γὰρ
362 2451 379 2518 ό
407 2459 510 2542 πατήρ
541 2477 601 2541 μου
626 2455 757 2532 έιιεῑνος,
794 2453 935 2530 Ἀλέξιος
964 2453 1065 2540 ίερεῦς
1090 2452 1106 2520 ό
1134 2450 1292 2542 Τεσαΐτής

51 2571 175 2642 ὲιόέῦωνε
197 2581 250 2642 τόν
281 2575 447 2665 εὐκτήριον
472 2577 559 2644 οἶνον
585 2577 630 2652 εἰς
654 2581 708 2664 τήν
733 2577 858 2644 ἄνωθεν
885 2577 1089 2664 δήλωθεῖσαν
1114 2577 1212 2664 μονήν
1237 2577 1292 2641 διὰ

50 2699 147 2763 τλείονα
168 2701 333 2784 βελτίωσιν
357 2705 413 2766 καί
437 2703 589 2766 σύστασιν
606 2710 660 2766 τοῦ
685 2704 828 2766 τοιούτου
850 2709 927 2766 ναοῦ
952 2705 1009 2766 τιαί
1033 2699 1078 2774 είς
1103 2696 1292 2786 εὐπρέπειαν

52 2831 88 2884 τοῦ
110 2827 206 2902 τόπου,
243 2827 316 2890 ίπεί
344 2829 400 2890 ταί
428 2823 572 2912 ἆσιιεπής
599 2822 679 2912 ήνό
708 2835 851 2899 τοιοῦτος
878 2827 970 2902 ναῦς,
999 2825 1054 2911 τήν
1084 2827 1225 2910 σήμερον
1253 2822 1289 2888 δέ

53 2942 169 3032 ἐιῦίόωμι
188 2954 244 3014 καί
270 2947 345 3029 ἐγὼ,
372 2947 432 3014 κᾶν
457 2948 487 3012 εἴ
508 2971 537 3013 τι
561 2947 625 3032 ἄρα
648 2952 704 3013 ναί
729 2946 904 3032 ἐβελτίωσα
928 2947 961 3012 ίν
982 2947 1026 3034 τῷ
1048 2948 1180 3032 τοιούτῳ
1204 2947 1289 3031 τόπερ

54 3075 107 3148 μετὰ
130 3077 179 3134 ταί
205 3081 259 3137 τοῦ
286 3070 391 3136 ένιείσε
416 3067 506 3144 ὄντος
534 3081 613 3136 ναοῦ
638 3079 692 3136 τοῦ
717 3078 821 3158 τιμίου
843 3075 1006 3160 προφήτου
1028 3072 1209 3156 προδρόμου
1232 3074 1290 3134 τιαί

55 3192 186 3268 βαπτιστοῦ
212 3192 363 3262 Ἰωάννου
391 3201 447 3261 καί
477 3201 557 3282 μετὰ
584 3201 692 3282 ποίσης
720 3206 776 3282 τής
802 3201 986 3282 περιουσίας
1012 3191 1102 3282 ἡμῶν
1126 3189 1203 3279 ὑπὲρ
1227 3198 1288 3280 ήυ·

55 3325 120 3400 ἰῑῑῆς
141 3315 223 3406 ἡμῶν
260 3325 436 3406 σωτηρίας,
472 3321 494 3384 ἃ
522 3322 561 3406 δή
589 3325 645 3384 ιιαί
673 3322 808 3394 καθέξει
836 3319 881 3404 τῴ
912 3325 1001 3406 μέρει
1028 3329 1084 3405 τῆς
1109 3319 1289 3404 σεβασμίοις

56 3450 122 3524 ξυνῇς
142 3441 197 3508 ἀπό
219 3455 276 3532 τῆς
302 3447 451 3530 σήμερον,
476 3441 518 3516 ὡς
539 3445 684 3515 δεσπότις
708 3448 764 3508 ιιαί
780 3449 884 3529 κυρία,
908 3447 965 3507 ιιαί
988 3455 1085 3507 ποιεῖν
1110 3439 1156 3506 ἐπ’
1182 3437 1288 3516 αῦτοῐς

57 3565 79 3622 τί
93 3563 228 3631 θοιοῦντα
251 3563 335 3654 αὐτή
361 3569 404 3653 μή
422 3565 639 3653 ἐνυχλουμένή
655 3573 729 3652 παρ’
747 3566 941 3652 υίουδήτινος
957 3569 1126 3653 προσώπου
1141 3564 1161 3654 ή
1184 3587 1287 3650 προσ-

35 3697 121 3762 ιῖενῦν
143 3687 223 3776 ήμῶν
251 3691 272 3779 ή
305 3695 362 3756 οιαὶ
398 3687 586 3775 ἀλλοτρίων,
622 3689 685 3770 ἐγὼ
715 3691 750 3754 δέ
780 3684 816 3754 οῦ
852 3693 1056 3776 προσήσομαι
1083 3693 1207 3754 πώποτε
1239 3685 1287 3775 ἐφ’

36 3803 37 3840 ί
60 3805 85 3877 '1⁷4
105 3807 287 3897 ίιτετῦπωσα,
319 3818 430 3902 μήπως
457 3817 648 3900 κατατριθιῦ
676 3811 719 3887 ὡς
744 3813 920 3899 ἱερόσυλος,
947 3811 990 3887 ὡς
1014 3811 1031 3878 ό
1055 3813 1205 3886 Ἀνανίας
1228 3809 1286 3878 τιαί

36 3925 226 4050 1ίίνπρείροτ·
252 3935 289 4004 υίι
316 3941 411 4023 μόνον
434 3938 469 4000 δὲ
494 3945 597 4018 τοῦτο,
624 3935 783 4001 ἀλλὰκαὶ
806 3941 862 4010 τὰς
886 3934 966 4022 ἀρὰς
982 3935 1046 4013 ἕξει
1069 3945 1130 3999 τῶν
1153 3955 1284 4020 τριακο-

63 4057 105 4116 ιίιν
126 4059 281 4126 δεκαοκτὼ
310 4064 476 4148 θευρόρων
499 4065 643 4146 πατέρων
671 4070 731 4124 τῶν
760 4057 793 4124 ἐν
821 4059 956 4144 Νιναίορ,
982 4061 1225 4145 ζημιωθήσεται
1248 4059 1284 4121 δέ

64 4183 93 4240 ιιί
113 4179 146 4254 ίις
169 4186 358 4272 πλεονέκτης
386 4189 440 4249 τιαί
470 4183 631 4270 ἀθετητής
659 4193 715 4270 τῆς
746 4189 913 4264 γεγονυίας
942 4179 1031 4270 ἡμῶν
1058 4185 1200 4267 πράξεως
1227 4187 1285 4246 τιαί

65 4310 93 4361 ενι
110 4308 262 4394 θεοφιλοῦς
286 4317 409 4374 σκοποῦ
432 4309 509 4393 πρός
534 4310 568 4372 τό
594 4307 761 4391 βασιλικόν
786 4309 964 4392 βεστιοίριυν
989 4302 1152 4391 όπέρπυρα
1176 4307 1284 4390 λίτραν

67 4427 115 4500 W,
135 4433 169 4514 μή
185 4432 226 4507 τίς
248 4453 318 4497 τινα
340 4433 472 4518 νομικὴν
495 4429 516 4518 ή
542 4429 734 4517 ἀρχοντιιιήν
760 4432 915 4516 βοήθειαν
939 4431 1204 4517 καταφεύγοντες.
1231 4429 1284 4492 διὰ

68 4549 101 4628 sip
124 4561 201 4618 τοῦτο
234 4555 376 4635 ἐγεγόνει
408 4559 464 4619 τιαί
500 4558 535 4618 τὸ
569 4556 670 4639 παρόν
706 4563 763 4640 τῆς
792 4563 1004 4640 προσαγωγῆς
1032 4549 1121 4640 ἡμων
1150 4557 1284 4639 γράμμα

71 4661 156 4738 θέειον
181 4677 363 4754 ἀξιοπίστων
385 4679 561 4764 μαρτύρων,
586 4682 643 4742 καί
673 4675 814 4762 ἐπεδόθη
843 4675 885 4762 τῷ
913 4682 1001 4763 μέρει
1027 4685 1082 4760 τῆς
1107 4677 1285 4762 σεβασμίας

1057 4791 1071 4839 ι
