3228 5296
1328 268 1369 334 ²1

98 483 179 528 νεται
205 463 396 528 θαλασσίου
425 458 541 536 ύδατυς
575 466 632 528 καί
659 459 847 549 ἀγρεύονται
881 465 967 528 κατὰ
994 461 1125 546 καιρούς
1155 459 1212 526 καί
1244 461 1370 548 ἰχθύες.

96 583 260 674 ίτεκτήδη
289 599 330 674 τή
360 599 445 674 μονή
474 585 506 662 ἐξ
533 586 659 652 οίκείων
686 585 802 662 ἐξόδων
828 591 884 652 καί
911 589 1018 652 κόπον
1048 587 1084 652 τό
1112 583 1145 652 ἐν
1167 595 1207 672 τη
1229 586 1371 665 λαγκοίδι

95 720 146 776 τοῦ
171 714 262 776 κατὰ
292 709 438 798 Σμύρνην
466 712 679 776 θαλαττιαίου
707 711 829 776 κόλπου
858 709 1000 796 βιβάριον
1029 713 1065 776 τό
1094 708 1317 796 ἐπιλεγόμενον
1352 705 1369 773 ὁ

93 833 191 920 Γόρυς
212 836 273 900 σύν
296 847 336 924 τῇ
361 833 395 912 ἐξ
419 833 538 921 ἀνόμου
560 839 617 900 καί
640 848 704 908 τοῖς
727 830 906 912 αύλακίοις,
929 837 1138 921 πορισθέντος
1166 837 1236 919 περί
1259 835 1371 899 τούτου

94 971 129 1046 ιή
157 969 245 1046 μονή
275 963 332 1023 καί
359 957 492 1044 ὁρισμοῦ
521 969 577 1045 τής
608 959 772 1043 βασιλείας
801 979 872 1044 μου.
902 957 947 1046 είς
975 961 1011 1024 τό
1039 962 1157 1044 χωρίον
1185 957 1241 1044 τήν
1269 956 1371 1042 Δρυόν

95 1082 250 1168 ὰμιτέλιυν
270 1081 304 1148 ἐν
328 1083 399 1148 δυσί
424 1087 641 1164 τοποθεσίαις,
666 1079 742 1148 ὡσεί
767 1081 884 1168 μοδίων
907 1080 1070 1168 ἐγχωρίων
1085 1081 1225 1160 δώδεκα,
1244 1081 1372 1170 περιελ-

94 1211 195 1272 θόντα
220 1209 324 1293 εαύτη
349 1205 386 1272 ἐκ
410 1209 620 1294 προσενίξεως
640 1216 695 1272 τοῦ
718 1205 887 1295 Κομνηνοό
908 1217 1006 1293 κυρυό
1030 1207 1137 1274 Δαυίδ.
1163 1205 1208 1280 είς
1231 1208 1267 1271 τό
1292 1201 1369 1270 αύτό

93 1335 210 1416 χωρίον
233 1329 344 1418 ἕτερον
369 1330 524 1417 ἀμπέλιον
545 1331 663 1417 μυδίων
687 1331 754 1412 δύο,
779 1331 948 1417 περιελθὸν
976 1333 1076 1417 ταύτη
1099 1328 1136 1395 ἐκ
1158 1331 1370 1416 πρυσενέξεως

94 1464 145 1520 τοῦ
182 1452 403 1541 ίερυμσνάχου
426 1453 583 1540 Μαξίμου.
612 1451 632 1542 ή
664 1456 812 1538 βασιλεία
842 1477 901 1542 μου
931 1466 970 1542 τή
997 1456 1107 1543 δεήσει
1135 1465 1195 1520 τῶν
1220 1462 1370 1541 μοναχόίν

93 1588 285 1665 τρυσχοῦσα
312 1585 369 1644 καί
397 1581 452 1644 τόν
475 1581 615 1666 παρόντα
639 1579 876 1666 χρυσόβσυλλον
905 1579 1000 1660 λόγον
1025 1575 1122 1666 αύτής
1146 1591 1185 1667 τή
1210 1579 1371 1672 σεβασμία

95 1715 173 1790 μονή
199 1713 264 1766 τῶν
287 1700 425 1788 Λέμβων
451 1699 647 1790 ἐχορήγησε,
671 1701 712 1768 δι’
736 1697 772 1767 ού
795 1708 852 1768 καί
878 1703 1146 1790 παρακελεύεται,
1177 1701 1370 1788 ἐπαρασπάε

95 1849 172 1900 στως
200 1831 308 1914 πάντη
338 1831 395 1892 καί
423 1824 663 1913 ἀμιτακινήτως
690 1831 748 1892 καί
774 1831 860 1892 κατὰ
887 1829 940 1892 τόν
972 1837 1028 1914 τής
1055 1828 1243 1900 δεσποτείας
1273 1827 1370 1905 λόγον

93 1955 247 2036 κατέχειν
277 1951 334 2036 τήν
368 1951 467 2036 μονήν
498 1953 601 2014 πάντα
637 1953 676 2014 τὰ
701 1948 846 2036 ἁνοιτέρω
879 1945 981 2036 ῥητῶς
1004 1951 1211 2038 δεδηλωμίνα
1234 1954 1291 2016 καί
1313 1949 1371 2035 τήν

96 2071 130 2137 ἐκ
150 2077 282 2138 πάντων
307 2074 433 2140 εἴσοδον
459 2073 681 2163 ἀπορίρεσδαι
708 2079 765 2140 καί
790 2073 1008 2150 ἐξκουσσιύειν
1036 2069 1117 2139 αύτὰ
1139 2078 1197 2140 καί
1219 2071 1275 2146 ούς
1298 2071 1371 2162 ίχει

95 2195 113 2284 ἡ
136 2199 219 2285 μονή
244 2203 424 2283 παροίκους
446 2202 504 2264 καί
527 2197 652 2284 ἐτόρους
675 2200 781 2274 ξίνοος
805 2203 860 2264 καί
884 2197 926 2284 τῷ
948 2199 1093 2286 δημοσίῳ
1117 2195 1369 2278 ἀνεπιγνεόστυυς

98 2319 154 2386 ἀπό
169 2325 282 2408 πάσης
306 2326 363 2386 καί
378 2327 530 2397 παντοίας
554 2322 713 2409 ἐπηρείας,
736 2320 835 2410 ἤγουν
858 2323 1044 2409 ἀγγαρείας,
1070 2326 1195 2408 ζημίας,
1220 2325 1370 2408 ψωμοίη·

97 2451 181 2529 μίας,
207 2450 469 2530 καστροκτισίας,
493 2450 767 2534 κατεργοκτισίας,
792 2457 895 2534 κοπης
918 2453 974 2512 καί
1000 2447 1247 2532 καταβιβασμοό
1276 2444 1371 2512 οίασ·

14 2537 16 2562 ρ
95 2571 220 2656 δήεινος
245 2571 352 2656 ξυλής,
377 2571 628 2652 στυπαξούγγου,
660 2573 859 2654 καννάβιος,
886 2566 1088 2656 ύγροπίσσυυ,
1112 2571 1260 2645 καύσεως
1286 2591 1368 2656 καρ-

96 2697 216 2778 βεννίου,
246 2697 380 2780 μιτότυυ
404 2697 613 2768 καταδίσεως
636 2699 693 2760 καί
717 2694 891 2782 ἀπλήκτου,
916 2699 1029 2782 χρείας
1052 2695 1205 2782 δυυκικής
1225 2699 1282 2760 καί
1304 2715 1370 2760 κα·

15 2825 16 2836 ’
95 2828 279 2905 τεαανικής,
304 2816 482 2893 ἐξελάσεως
511 2816 659 2905 πλωίμων
686 2823 743 2884 καί
768 2823 986 2905 κονταράτοιν,
1018 2817 1221 2905 ἀπαιτήσεως
1253 2819 1369 2884 συνδυ-

94 2955 176 3020 σιῶν,
203 2943 327 3015 δόσεως
349 2943 532 3028 προβάτων,
562 2941 742 3018 ἐξελάσεως
766 2945 1012 3029 ίευγοαμαξιεδν,
1041 2940 1242 3029 ἀπαιτήσεως
1267 2940 1368 3028 ἄρμε-

92 3071 235 3132 νοτάνων
261 3070 319 3131 καί
340 3067 545 3145 καίακάδων,
571 3065 676 3154 ἀέρος,
709 3065 854 3153 ἐννομίοο
885 3077 944 3132 τῶν
969 3067 1093 3132 οίκείων
1118 3064 1202 3152 ζῴων
1228 3076 1285 3154 τῆς
1308 3089 1369 3154 μυ·

92 3201 143 3278 νής
179 3196 241 3256 καί
281 3201 342 3255 τῶν
378 3189 464 3277 ίιβων
492 3202 552 3256 των
579 3195 742 3278 παροίκων
765 3195 822 3256 καί
855 3195 960 3278 πάσης
990 3191 1091 3278 ἐίλλητ
1125 3187 1368 3279 δπυιασδήτινυς

92 3314 245 3403 ἐπηρείας
269 3319 326 3380 καί
342 3317 554 3402 συξητήσιως,
579 3313 640 3380 κᾶν
662 3317 704 3401 μή
730 3310 832 3401 ῥητῶς
857 3311 937 3402 αύτη
962 3313 1148 3403 ἐξερωνήθη
1173 3313 1205 3380 ἐν
1222 3317 1266 3403 τῷ
1286 3337 1367 3404 παρ·

91 3445 150 3505 όντι
183 3439 420 3526 χρυσοβούλλιρ
451 3439 537 3522 λόγῳ
565 3447 621 3526 τής
651 3441 815 3523 βασιλείας
845 3463 915 3526 μου.
946 3441 1032 3504 κατὰ
1060 3443 1122 3526 γὰρ
1155 3417 1192 3506 τύ
1219 3442 1367 3508 καδύλτυ

90 3575 142 3651 ιής
175 3562 388 3639 ἐξκουσσείας
415 3563 591 3652 κεφάλαιον
622 3559 642 3652 ή
675 3565 823 3648 βασιλεία
854 3585 915 3649 μου
946 3557 1072 3628 εύδυκεί
1094 3562 1366 3640 ἐξκυυσσεύεσβαι

89 3693 192 3754 πάντα
216 3691 260 3752 τὰ
284 3697 323 3773 τή
348 3687 481 3773 τοιαύτη
506 3697 587 3774 μονή
619 3687 822 3777 διαρίρυντα,
855 3685 940 3752 ἀλλὰ
963 3688 1002 3774 δή
1026 3691 1084 3752 καί
1114 3690 1150 3754 τό
1173 3689 1290 3774 ταύτης
1314 3689 1366 3772 βι·

89 3813 200 3896 βάριον
228 3808 293 3876 ἀπό
318 3833 352 3876 τε
378 3811 625 3897 βιβαρυποίκτυυ,
649 3815 926 3900 πρυσκυνητικίου,
952 3815 1115 3898 ζητήσεως
1138 3809 1286 3898 πλοΐμων
1308 3815 1365 3878 καί

87 3937 203 4000 λοιπῶν
228 3933 346 4021 ἐτίμων
377 3937 554 4022 συνηβειων
578 3945 639 4000 τόν
663 3932 796 4023 ἐτησίως
821 3934 883 4001 ἀπὸ
907 3943 967 4000 τόν
992 3937 1143 4026 βιβαρίιον
1167 3933 1363 4020 ἆταιτευμί·

87 4081 153 4126 ναν.
181 4060 239 4125 διὰ
263 4063 325 4146 γὰρ
349 4067 443 4124 τοῦτο
467 4057 690 4146 ἐπιβραβιύδη
715 4070 754 4146 τή
775 4061 994 4148 διαληρύείση
1016 4059 1176 4148 σεβασμίη
1196 4069 1278 4146 μονή
1301 4069 1364 4124 τείν

86 4181 219 4270 Λίμβου
244 4183 289 4258 είς
313 4181 495 4272 ἀσφάλειαν
519 4179 617 4272 αύτης
641 4181 850 4256 αίωνίίυυσαν
873 4188 930 4248 καί
953 4180 970 4249 ό
993 4185 1104 4272 παρεόν
1123 4181 1363 4271 χρυσόβουλλσς

17 4377 19 4402 χ
86 4309 181 4388 λύγος
205 4317 264 4395 τῆς
288 4303 459 4393 βασιλείας
483 4327 553 4393 μου,
579 4304 896 4382 ἀπυλυδείςκατὰ
922 4309 997 4373 τὸν
1029 4306 1212 4372 ἐούνιυν
1244 4315 1363 4394 μήνα

86 4409 159 4518 τῆς
184 4429 364 4520 ὀγδόης
388 4427 694 4504 ίνδικτιιόνος
723 4434 801 4496 καί
825 4437 901 4496 τυό
929 4427 1362 4518 ίξακισχιλιοστυό

84 4553 474 4630 ίκτακοσιυστοό
497 4562 890 4640 τεσσαρακοστοό
913 4559 1071 4642 τρίτου
1096 4555 1240 4636 ίτους,
1266 4549 1362 4642 ἐνῷ
