3190 5284
548 449 623 516 LVI.
643 450 872 526 6690--1181‚
893 449 934 514 27
951 447 1098 526 octobris²
1117 444 1183 512 ind.
1202 445 1267 512 XV.

324 615 426 669 Μανία
443 613 587 684 Απρείίκα
602 613 792 686 όίιτμοοόενρα
812 613 956 668 Theodoro
972 613 1096 668 Branae
1113 612 1250 668 θοιπαοπο
1266 613 1361 667 vendit
1379 613 1502 666 arbom

819 747 848 791 ιτ
862 755 1002 808 campum.

364 905 468 986 †T6
496 911 753 992 πρατήριον
779 917 857 992 τῆς
882 909 1214 1006 γυναικόςλτοῦ
1239 904 1551 988 Χροσοβέργη

277 1029 464 1094 ἐκείνου
492 1029 727 1115 Γεωργίοο
757 1033 893 1115 χάριν
921 1039 1003 1093 τῶν
1028 1026 1230 1092 έλαῐκιῦν
1254 1028 1474 1113 δένδρων,
1500 1024 1551 1090 ὧν

278 1152 583 1239 όιπεμπόλησε
607 1155 717 1239 πρός
741 1156 816 1218 τόν
840 1152 1021 1238 Βρανᾱν
1044 1160 1125 1236 κῦρ
1149 1152 1390 1237 Θεόδωρον
1414 1154 1446 1230 †.

381 1298 636 1408 Ess‘svovfflaplac
659 1319 716 1396 τῆς
740 1312 874 1394 συμβίου

276 1411 1006 1534 ”W
1039 1437 1059 1514 †
1095 1432 1147 1498 Ἐν
1182 1431 1316 1518 όνόματι
1349 1439 1405 1496 τοῦ
1433 1435 1554 1516 πατρὸς

279 1562 336 1622 καί
365 1567 420 1622 τοῦ
449 1557 516 1623 υἱοῦ
543 1562 600 1622 καί
628 1567 683 1622 τοῦ
712 1554 805 1637 ἁγίου
832 1560 1010 1644 πνεύματος
1038 1560 1093 1620 καί
1118 1565 1173 1642 τῆς
1196 1559 1313 1640 κυρίως
1338 1557 1394 1620 καί
1418 1553 1555 1639 ἀληθῶς

278 1676 573 1768 ῦπερεολογημένης
595 1682 764 1768 δεσποίνης
792 1677 881 1766 ἡμῶν
904 1683 1066 1746 θεστόκου
1094 1683 1153 1744 καὶ
1176 1677 1392 1762 ἀειτοιρθένου
1415 1676 1553 1762 Μαρίας.

276 1801 387 1888 Μαρία
415 1800 434 1890 ἡ
459 1803 645 1882 Ἀγγελίνοι,
668 1799 689 1890 ἡ
714 1805 846 1890 σόμβιος
871 1803 994 1868 ἐκείνου
1018 1811 1073 1868 τοῦ
1097 1803 1322 1888 Χρυσοβέργη,
1346 1797 1366 1888 ἡ
1391 1805 1449 1864 καί
1474 1798 1555 1864 ἄνω-

279 1929 337 1991 θεν
365 1935 420 1991 τοῦ
448 1930 603 2012 παρόντος
631 1924 727 2016 δφους
753 1929 805 1992 τόν
829 1931 930 2012 τίμιον
954 1930 1012 1992 καί
1036 1928 1192 2000 ζωοποιῦν
1220 1926 1354 2010 σταυρόν
1382 1923 1554 2006 οίκειοχεί-

279 2073 339 2135 ρως
369 2048 579 2136 ίγχαροίξκσα
607 2051 661 2136 την
689 2059 852 2136 παροῦσαν
881 2051 1042 2140 ἔγγραφον
1070 2055 1126 2116 καί
1154 2049 1371 2136 ἐνυπόγραφον
1400 2046 1552 2113 ἀπινιεῦ-

278 2177 337 2240 διν
367 2183 478 2257 πρᾶσιν
503 2185 564 2238 τῶν
592 2177 741 2239 κάτωθεν
769 2175 1050 2261 δηλωθησομένων
1085 2172 1222 2238 έλαϊκιῦν
1256 2172 1403 2256 δένδρων,
1439 2170 1553 2239 καθὼς

285 2297 522 2383 δηλωθήσεται,
539 2307 645 2362 πᾶσαν
662 2299 716 2384 την
739 2296 776 2363 ἐκ
800 2309 859 2364 τῶν
882 2299 1084 2382 πανευσεβιῦν
1100 2301 1203 2382 νόμων
1225 2295 1318 2382 ίσχῦν
1342 2299 1398 2358 καί
1423 2295 1552 2376 δύναμιν

287 2419 426 2506 έχοοσαν
447 2424 503 2484 καί
527 2421 683 2506 μηδαμῶς
706 2419 768 2488 ἀπό
785 2431 840 2486 τοῦ
857 2430 910 2486 νῦν
925 2425 1001 2486 ποτὲ
1019 2419 1120 2506 καιρῷ
1142 2417 1162 2506 ἢ
1179 2422 1283 2505 χρόνῳ
1301 2413 1551 2504 ἀνατραπῆναιῆ

285 2539 428 2606 ὁπωσοῦν
455 2545 743 2630 παρασαλευθῆναι
777 2543 984 2632 ὀφείλουσαν,
1014 2540 1050 2607 οῦ
1086 2549 1159 2628 παρ’
1187 2539 1276 2630 ἡμῶν
1313 2540 1430 2618 αότιῦν,
1458 2539 1553 2626 ἤγουν

284 2673 341 2750 τῆς
369 2669 584 2752 πιπρασοίσης,
609 2665 628 2754 ἢ
657 2663 730 2752 παρ’
758 2666 866 2753 ἑτέρου
894 2670 977 2740 τινός
996 2665 1079 2731 ἰδίου
1103 2664 1123 2754 ἢ
1152 2668 1240 2741 ξένου
1268 2661 1346 2730 καί)1
1377 2661 1552 2749 οἱονδήτινα

285 2787 444 2876 ἔγγραφον
471 2787 490 2876 ἢ
520 2788 662 2878 ἄγραφον
694 2793 807 2876 τρόπον
838 2789 858 2878 ἢ
890 2792 1023 2877 νομικην
1053 2789 1145 2876 ίσχῦν
1177 2793 1245 2854 καί.
1265 2791 1436 2875 βοήθειαν,
1468 2789 1550 2850 τίθε-

285 2933 342 2994 μαι
361 2916 417 2976 καί
432 2923 513 2976 ποιῶ
534 2911 688 2986 ἑκουσίως
703 2919 759 2978 καί
783 2911 1041 3000 ἀμεταμελήτως,
1067 2910 1126 2977 οῦκ
1151 2912 1189 2976 έκ
1206 2932 1289 2985 τινος
1313 2913 1349 2975 δὲ
1366 2908 1511 2994 ἀνάγκης
1532 2904 1550 2991 ἢ

284 3035 355 3117 βίας
388 3033 544 3124 ἢιφιβου
583 3035 603 3123 ἢ
638 3038 734 3102 δόλου
768 3035 788 3124 ἢ
817 3047 1010 3126 περιγραφῆς
1040 3035 1061 3123 ἢ
1091 3044 1294 3122 συναρπαγης
1323 3033 1344 3122 ἢ
1371 3027 1549 3114 ίδιωτίαςῆ

284 3156 450 3242 ἀγροικίας
484 3157 504 3246 ἢ
533 3163 656 3246 φοίκτου
692 3157 824 3239 ἀγνοίας
861 3158 1009 3247 ἢᾶλλης
1037 3161 1119 3231 τινός
1149 3157 1301 3245 ἐπιψόγου
1335 3159 1392 3220 καί
1415 3165 1473 3241 της
1495 3163 1550 3216 τῶν

281 3283 385 3366 νόμων
414 3279 674 3370 ἀποτρεπομένης
710 3281 829 3360 αίτίοις,
860 3279 944 3348 ἀλλὰ
973 3283 1028 3347 σῦν
1063 3285 1230 3367 προθυμία
1262 3284 1352 3365 πόση
1386 3283 1443 3342 καί
1479 3275 1549 3342 όλο-

281 3405 373 3490 ψόχιρ
401 3399 490 3490 ἡμῶν
519 3417 558 3492 τη
582 3405 751 3491 προθέσει,
777 3407 823 3471 ἔτι
849 3407 884 3471 δὲ
910 3409 991 3491 μετὰ
1020 3410 1291 3490 μεμεριμνημένου
1320 3411 1452 3480 σκοποῦ,
1476 3375 1549 3487 χρο-

280 3527 348 3598 νίας
383 3535 439 3611 της
467 3527 668 3613 διασκέψεως
702 3533 758 3594 καί
793 3539 848 3618 τῆς
878 3535 1086 3600 συναινέσεως
1112 3531 1230 3600 παντός
1253 3535 1308 3590 τοῦ
1345 3529 1460 3611 μέρους
1495 3541 1549 3608 μου

280 3651 358 3734 πρός
383 3651 429 3726 σὲ,
453 3651 506 3713 τόν
540 3657 828 3732 πανευγενίστατον
863 3651 1031 3738 Κομνηνόν
1055 3661 1115 3736 πῦρ
1140 3651 1305 3735 Θεόδωρον
1332 3651 1383 3714 τόν
1418 3647 1548 3734 Βρανοίν,

281 3776 337 3838 καὶ
379 3774 456 3857 πρός
491 3771 575 3840 ἅπαν
611 3777 645 3838 τό
686 3779 780 3861 μέρος
816 3797 889 3854 σου,
929 3776 1150 3862 κληρονόμους
1185 3777 1242 3838 καί
1281 3773 1456 3858 διαδόχους
1497 3769 1547 3832 καί

283 3901 451 3970 παντοίους
475 3897 548 3969 τοῦς
575 3899 791 3984 διακατόχους
816 3921 873 3962 σου
897 3898 941 3970 εἰς
966 3901 1018 3962 τόν
1043 3896 1143 3962 οιίιῑινα
1171 3899 1224 3962 τόν
1248 3895 1384 3962 ἅπαντα.
1408 3899 1465 3960 καί
1492 3895 1546 3973 γὰρ

282 4023 323 4084 τότ
362 4017 477 4084 ἐλαῖκόι
520 4018 639 4106 δένδρα
682 4024 721 4084 τὰ
760 4023 971 4106 περιελθόντα
1004 4018 1078 4107 ἡμῖν
1114 4019 1147 4096 ἐξ
1181 4019 1359 4106 ἆγορασίας
1399 4017 1461 4084 ἀπό
1498 4019 1546 4078 τοῦ

283 4141 386 4222 Βοϊδά
403 4140 537 4220 ἐκείνου,
563 4141 642 4229 ἅπερ
666 4142 733 4230 εἶχε
757 4148 813 4209 καί
837 4141 854 4208 ό
879 4140 975 4217 αὐτός
997 4143 1118 4218 Βοῑδᾰς
1142 4141 1276 4238 ἀπὸτοῦ
1300 4142 1457 4228 Κριδίνοο
1474 4139 1547 4204 ὲκεί-

280 4285 335 4330 νου
355 4265 525 4352 Γιωργίοο,
552 4271 591 4332 τὰ
616 4271 673 4332 καί
695 4269 913 4353 πλησιάζοντα
936 4269 972 4331 τό
996 4262 1110 4352 Ἀμμω
1128 4315 1135 4331 .
1155 4317 1188 4332 ..
1213 4269 1383 4352 πιπροίοκω
1406 4268 1484 4351 πρὸς
1507 4263 1547 4333 σὲ,

282 4391 335 4453 τόν
361 4387 485 4454 ἄνωθεν
510 4388 701 4476 δηλωθέντα
721 4389 889 4477 Κομνηνόν
913 4392 965 4455 τόν
988 4389 1124 4475 Βρανᾶν,
1151 4391 1278 4468 ἐλαϊκὰ,
1300 4387 1379 4454 ὄντα
1402 4387 1547 4453 δεκατέσ-

285 4531 371 4608 σαρα
398 4516 454 4577 καί
482 4513 555 4596 δρῦς
583 4523 662 4598 τρεῖς
688 4517 767 4599 μετὰ
801 4517 935 4578 καὶτοῦ
960 4512 1063 4578 έκιίσε
1087 4511 1179 4587 ὄντος
1206 4517 1373 4601 χωραφίοο
1408 4510 1477 4575 οἵου
1498 4507 1547 4571 καὶ

287 4614 365 4698 δσοο
399 4638 610 4720 τυγχάνοντος
646 4641 702 4702 καὶΙ
735 4640 858 4702 πόντων
897 4639 1028 4703 δικαίων
1067 4640 1123 4702 καί
1160 4637 1337 4723 προνομίων
1372 4632 1473 4699 αότιῦν
1506 4627 1545 4698 τίς
