3238 5282
158 279 160 287 '
280 281 344 344 428

281 472 487 558 δηλωθέντος
510 475 800 552 πανευγενεστάτου
823 473 994 560 Κομνηνού
1018 483 1072 539 τού
1095 473 1316 560 Μαλιασηνού,
1340 479 1396 535 τού
1417 472 1475 536 διὰ
1501 477 1561 534 τού

281 593 375 674 άγίου
399 601 456 660 καί
480 593 654 676 ἀγγελικού
672 601 841 684 σχήματος
864 597 1002 686 Ἰωάσορ
1025 595 1332 684 μετονομασθέντυς,
1357 593 1433 682 ύπὲρ
1459 601 1560 682 ψυχι·

279 729 340 804 κῆς
364 725 522 806 σωτηρίας
545 731 600 785 τού
626 719 773 806 ἀοιδίμου
796 727 853 786 καί
876 720 1108 809 ἀγιοκοιμήεου
1131 725 1249 806 πατρὸς
1274 717 1379 798 αὐτοῦ,
1406 721 1496 784 ἀλλὰ
1521 719 1559 782 δὲ

280 847 334 908 καί
364 839 440 928 ὑπὲρ
470 853 525 930 τῆς
549 849 655 930 ψυχῆς
680 841 788 924 αύτοδ,
814 844 849 910 ού
876 850 971 932 μόνον
1000 848 1035 910 δὲ
1060 842 1146 911 ούτοι
1170 845 1336 932 ἐδόθησαν
1360 843 1405 916 εἰς
1428 847 1466 908 τὰ
1493 865 1559 928 μο-

279 968 378 1030 νίδιον
406 971 493 1053 παρὰ
521 977 576 1033 τού
611 974 901 1048 πανευγενεστοίτου
923 969 1109 1057 Κομνηνού,
1135 969 1219 1034 ἀλλὰ
1243 974 1299 1034 καί
1322 965 1342 1055 ἡ
1366 973 1559 1054 χωραριαία

281 1099 320 1176 γῆ
346 1087 365 1178 η
392 1088 453 1154 ἀπὸ
479 1093 621 1177 τούμτας
646 1093 692 1167 τίς
712 1097 854 1178 τούμπαν
879 1097 935 1158 καί
958 1097 994 1159 τό
1018 1090 1100 1178 ύδωρ
1125 1095 1160 1158 τύ
1180 1095 1265 1158 κατὰ
1289 1093 1426 1178 τετράδα
1451 1091 1562 1176 εἰσερ-

280 1219 419 1300 χόμενον
454 1215 499 1288 είς
534 1219 570 1280 τδ
606 1215 710 1281 ἐκεῖσε
747 1216 1151 1304 ἀμπελοκηποπεριβόλιον.
1186 1220 1243 1281 καί
1277 1225 1378 1280 ταῦτα
1413 1221 1472 1301 μὲν
1512 1214 1561 1288 εἰς

281 1337 457 1424 ἐνθύμησιν
482 1335 681 1425 εὑρίσκονταί
706 1363 773 1426 μοι,
803 1337 851 1404 ὅτι
875 1339 1040 1427 ἐδόθησαν
1068 1344 1153 1426 παρὰ
1177 1351 1233 1406 τοῦ
1256 1343 1559 1419 πανευγενεστοίτου

279 1461 465 1548 Κομνηνού,
500 1467 540 1527 τά
569 1463 604 1527 δέ
633 1465 676 1550 μη
712 1464 758 1537 είς
787 1461 961 1551 ἐνθύμησιν
998 1469 1107 1550 μυρία,
1138 1463 1199 1528 εἰσί
1226 1465 1262 1528 δὲ
1291 1462 1324 1528 ἐν
1352 1463 1394 1549 τῷ
1415 1472 1558 1548 τοιούτῳ

281 1588 411 1672 μονιδίιρ
436 1585 541 1669 βοΐδια
565 1589 757 1673 ζευγνύμεναι
781 1593 931 1673 τέσσαρα,
957 1585 1165 1673 δνομουλικόν
1190 1589 1234 1666 ἐν,
1258 1585 1352 1652 όνικὰ
1374 1588 1446 1666 δύο,
1472 1591 1559 1672 πρύ-

283 1711 366 1792 βατα
401 1709 640 1797 ἑβδομήκοντα,
676 1707 859 1797 ύδρομύλων
893 1708 1024 1798 ἥμισυς,
1062 1712 1097 1786 δς
1133 1710 1236 1798 ἐδόθη
1271 1710 1316 1786 είς
1348 1713 1383 1775 τό
1412 1711 1562 1796 μονίδιον

280 1837 368 1909 παρὰ
396 1843 451 1898 τού
481 1843 625 1921 μονοχοδ
648 1833 765 1913 Τεντᾱ,
794 1832 862 1899 ὁδ’
893 1833 1007 1922 ἥμισυς
1035 1839 1122 1922 παρὰ
1150 1844 1205 1900 τοῦ
1233 1837 1378 1900 τοιούτου
1408 1843 1561 1920 μονοχοῡ

280 1962 455 2043 κατέχεται
490 1962 586 2044 μέχρι
613 1962 669 2023 καί
703 1968 759 2044 τῆς
789 1955 996 2042 ἀποβιύσεως
1028 1955 1141 2042 αὐτοῦ,
1178 1959 1288 2024 ἔκτοτε
1316 1961 1352 2022 δέ
1378 1957 1431 2022 ἵνα
1461 1957 1512 2022 ἔνι
1543 1955 1560 2023 ὁ

281 2079 366 2156 ἅπας
395 2077 578 2167 ύδρομύλων
605 2090 661 2146 τοῦ
692 2084 849 2167 μονιδίου,
878 2085 992 2156 καθὼς
1015 2088 1073 2148 καί
1095 2085 1131 2149 εδ
1155 2083 1317 2170 ἔγγραφον
1340 2084 1453 2147 τούτου
1478 2083 1558 2146 δια-

280 2205 452 2289 λαμβάνει,
479 2203 532 2270 ἵνα
559 2207 596 2269 δὲ
619 2211 820 2291 κατέχονται
850 2203 1015 2292 ἀμφότεροι
1043 2210 1129 2292 παρὰ
1153 2215 1208 2271 τοῦ
1244 2207 1386 2293 μονιδίου
1421 2203 1559 2270 ἐπισκε-

278 2331 419 2412 πτόμενα
445 2332 531 2414 παρὰ
555 2337 611 2415 τῆς
640 2329 784 2414 μεγάλης
811 2333 869 2393 καὶ
896 2331 1074 2416 σεβασμίας
1102 2333 1339 2416 θεομητορικης
1367 2338 1468 2415 μονῆς
1497 2338 1558 2416 τῆς

279 2451 404 2526 Ὀξείας
426 2447 643 2538 Ἐπισκέψεως
666 2457 723 2516 καί
747 2447 828 2516 ούτω
851 2450 1054 2538 καλουμένης
1073 2451 1336 2540 Μοκρινιτίσσης,
1362 2453 1432 2536 βίαν
1456 2453 1494 2516 δὲ
1521 2451 1556 2526 ἐς

278 2573 407 2661 ύστερον
436 2575 457 2663 ἢ
493 2577 672 2662 μετάμελον
700 2574 720 2663 ἢ
750 2577 953 2662 συναρμογὴν
987 2581 1044 2642 καί
1075 2573 1198 2662 ἀπάτην
1229 2572 1265 2640 ού
1301 2577 1558 2664 βουληθήσομαι

279 2699 392 2779 ἔγωγε·
422 2699 459 2764 ἐκ
487 2709 543 2786 της
568 2703 727 2786 ἀχράντου
756 2703 816 2783 γὰρ
841 2701 1010 2786 δεσποίνης
1033 2696 1122 2786 ἡμῶν
1149 2703 1309 2765 διατόνου
1333 2710 1389 2787 της
1415 2705 1550 2788 μορφώ-

280 2848 361 2897 σεως
389 2827 443 2889 τόν
470 2824 625 2889 κόνδυλον
659 2833 716 2910 της
743 2833 905 2910 προτογης
935 2845 995 2909 μου
1031 2821 1159 2912 ἀφεῖλον
1193 2827 1250 2888 καί
1285 2825 1318 2888 ἐν
1342 2823 1385 2910 τῷ
1419 2825 1555 2910 μονιδίιρ

278 2949 466 3034 είσεκύμισο
482 2951 537 3036 τὴν
555 2951 704 3036 τοιαύτην
720 2953 968 3036 κεκοσμημένην
990 2947 1148 3035 ἄχραντον
1167 2947 1276 3012 εἰκόνα
1292 2949 1347 3012 διὰ
1362 2947 1555 3032 πλειοτέραν

279 3075 449 3158 βεβαίωσιν
477 3078 534 3137 κοί
563 3071 756 3161 ἀσφάλειαν,
791 3071 908 3161 δρτίλω
937 3073 972 3137 δὲ
1000 3075 1144 3158 παρέξειν
1178 3074 1273 3138 πάλιν
1302 3071 1404 3152 ἐγωγε
1439 3069 1553 3157 ἑτέραν

277 3195 389 3261 εἰκόνα
417 3195 461 3268 είς
490 3192 592 3281 ὄνομα
627 3201 804 3283 τιμωμένην
834 3205 889 3282 τῆς
918 3194 1090 3283 ύπεραγίος
1124 3199 1284 3262 θεοτόκου
1312 3195 1374 3262 ἀπδ
1403 3197 1551 3262 τοιούτου

277 3321 419 3406 μονιδίου
446 3323 524 3406 πρός
554 3321 609 3406 τὴν
638 3321 780 3407 μεγάλην
808 3324 865 3386 καί
894 3323 1071 3406 σεβάσμιον
1099 3321 1338 3408 θεομητορικην
1368 3321 1468 3407 μονὴν
1493 3321 1549 3406 τήν

276 3441 397 3517 Ὀξεῖαν
419 3441 613 3545 ’ῌπίσκεψιη
635 3442 691 3508 καὶ
708 3439 806 3517 ούτως
823 3442 1061 3532 ὀνομαζομένην
1079 3445 1339 3532 Μακρινίτισσαν,
1363 3449 1421 3508 καί
1437 3441 1455 3510 ὁ
1479 3465 1548 3509 πει-

277 3569 501 3654 ραθησύμενος
528 3570 607 3652 πρὸς
635 3565 814 3653 ἀνατροπὴν
838 3573 894 3632 καὶ
930 3567 1084 3655 ἀθέτησιν
1113 3579 1167 3633 τοῦ
1195 3572 1351 3654 παρόντος
1380 3569 1547 3654 ἐγγράφου

277 3712 338 3776 μου
374 3699 511 3777 μερικῶς
538 3689 558 3778 ἢ
582 3692 730 3756 καθόλου
764 3689 784 3778 ἢ
816 3693 1057 3780 βουληθήσεταί
1091 3715 1136 3766 τις
1163 3703 1296 3780 ποιησαι
1331 3693 1366 3756 τὸ
1401 3701 1546 3756 τοιοῦτον
1611 3761 1612 3772 ,

278 3817 417 3898 μονίδιον
452 3817 559 3902 κύριον
595 3819 806 3902 μοναστηριον
834 3819 890 3880 καί
923 3817 966 3904 μη
1001 3815 1082 3882 εἶναι
1110 3820 1259 3903 μετόχιον
1288 3827 1344 3903 τῆς
1370 3817 1546 3902 πολλαχῶς

275 3939 475 4026 δηλουμένης
502 3941 646 4026 μεγάλης
674 3943 730 4004 καί
754 3941 935 4024 σεβασμίος
958 3943 1195 4026 θεομητορικῆς
1220 3949 1318 4026 μονῆς
1341 3950 1396 4026 τῆς
1420 3939 1544 4015 Ὀἐείας

276 4059 504 4148 Ἑπισκίψιως,
534 4061 642 4136 ὁποῖος
667 4061 732 4150 ἄρα
755 4067 812 4128 καὶ
835 4061 899 4149 εἴη’,
924 4061 977 4127 ἵνα
1000 4065 1171 4130 ἐπιστάται
1194 4061 1239 4138 είς
1262 4061 1375 4128 ἑαυτόν
1399 4067 1458 4136 τὰς
1482 4073 1541 4128 των
1610 4151 1611 4160 ¹

278 4183 331 4250 ἀπ’
360 4183 480 4251 αἰώνων
507 4189 631 4250 πάντων
656 4183 754 4264 ἁγίων
778 4183 858 4270 ἀρὰς
881 4197 941 4251 τῶν
964 4187 1151 4271 τριακοσίων
1175 4189 1256 4252 δέκα
1278 4191 1335 4252 καί
1358 4184 1444 4250 δκτολ
1468 4189 1544 4252 θεο-

275 4313 378 4397 φόρων
411 4307 556 4396 πατέρων
592 4319 651 4374 τῶν
681 4308 712 4374 ἐν
746 4308 869 4394 Νικαίτγ
898 4314 954 4374 καί
981 4311 1037 4398 τὴν
1072 4309 1281 4396 ἀλλοτρίωσιν
1310 4319 1365 4376 τού
1401 4319 1543 4396 σωτῆρος

277 4433 427 4519 Χριστοῦ,
451 4439 508 4500 καί
530 4431 550 4522 ἡ
569 4438 657 4520 μερίς
681 4429 777 4500 αύτοδ
803 4434 892 4500 ἐσται
910 4438 990 4520 μετὰ
1013 4443 1068 4498 τοῦ
1092 4433 1206 4513 Ἰούδα,
1231 4431 1316 4498 ἀλλὰ
1339 4435 1379 4520 δὴ
1402 4433 1458 4500 ἵνα
1483 4435 1542 4520 ἔχη
1609 4501 1610 4544 3

281 4557 442 4626 ἀντίδικον
466 4563 523 4626 καί
546 4560 601 4644 τήν
619 4553 789 4644 ύπεραγίον
814 4561 981 4638 θεοτόκον,
1007 4557 1051 4632 εἰς
1074 4557 1111 4644 ἣν
1129 4556 1346 4644 ἐπωμοσάμην
1370 4563 1440 4648 καί,
1455 4557 1543 4645 ἀρεῖ-

279 4684 334 4746 λον
357 4687 410 4747 τόν
434 4683 587 4748 κόνδυλον
616 4689 674 4767 τῆς
695 4693 858 4770 προτογῆς
883 4705 943 4770 μου
967 4683 1004 4748 ἐκ
1027 4691 1083 4768 τῆς
1112 4679 1271 4768 ἀχράντου
1288 4679 1387 4768 αὐτῆς
1412 4689 1540 4768 μορρης,
