3168 5274
279 281 341 343 302

280 477 406 558 τύχητε,
432 473 476 545 εἰς
502 471 664 559 ἐκδίκησιν
688 473 889 559 δτανάστητε,
915 477 970 536 καὶ
987 473 1145 558 μηδεμίαν
1170 472 1439 559 κατατολμήσητε
1467 469 1554 557 ἐπη-

279 619 366 681 ρειαν
393 594 413 682 ἢ
444 601 559 682 ζημίαν
586 595 606 684 ἤ
636 597 758 682 βλάβην
786 594 805 683 ἢ
834 603 1041 682 καινοτομίαν
1070 594 1090 682 ἢ
1121 593 1295 680 ἀγγαρείαν
1323 593 1343 683 ἢ
1373 593 1557 681 ἀπαίτησιν

280 723 365 804 λόγῳ
395 722 576 806 συνηδερῶν
600 717 620 805 ἢ
644 729 819 784 κανονικῶν
847 723 1057 807 ποιήσασθαι,
1083 731 1122 805 τη
1152 719 1296 794 ἐπιδείξει
1321 723 1401 805 μόνη
1428 718 1556 804 ἀρκού-

280 865 367 928 μενοι
396 853 451 908 τού
480 847 636 928 παρόντος
672 845 827 922 σιγιλλίου
862 853 917 930 τῆς
944 841 1032 930 ἡμῶν
1062 847 1274 930 μετριότητος,
1311 840 1386 928 ὅπερ
1419 841 1555 930 ἐγράρη

279 972 333 1033 καὶ
374 967 570 1054 σιρραγισδὲν
606 964 747 1053 ἐπεδόθη
783 971 888 1052 μηνί
924 965 1223 1052 σεπτεμβρίῳ
1257 966 1337 1030 ίνδ,
1377 965 1407 1053 η’
1448 967 1555 1029 ἔτει

282 1091 415 1178 ,τόνδ’
449 1096 478 1170 ί·

366 1220 385 1294 †
418 1213 529 1300 Εἶχε
565 1218 644 1277 καί
677 1215 753 1277 διὰ
792 1212 950 1299 τιμίας
989 1223 1342 1300 πατρταρχικῆς
1381 1215 1557 1299 χειρός

279 1343 334 1402 τό·
360 1338 607 1422 Γερμανὸς,
634 1335 881 1422 ἐλὲιρδεού
907 1335 1554 1423 ἀρχιεπίσκοποςΚωνσταν-

279 1461 611 1541 τινουπόλεως,
636 1459 755 1534 Νὲας
789 1459 966 1546 Ῥώμης,
993 1466 1069 1524 καί
1099 1461 1445 1546 οὶκουμενικύς
1476 1483 1554 1524 πα-

280 1589 560 1671 τνίαικητί

787 1780 821 1844 V.
841 1780 918 1846 Sino
934 1800 1024 1846 ουυυ.

319 1929 497 1982 Ρατνίανοίια
515 1929 633 1982 Μαπατί
651 1927 694 1984 II.
711 1929 914 1982 monasterium
930 1939 955 1982 τί
968 1931 1158 1998 possessiones
1174 1930 1233 1982 τίιιε
1248 1930 1340 1982 animia
1356 1929 1389 1982 de
1405 1929 1508 1982 tutela

686 2053 870 2106 τααττλοταπι
885 2065 911 2106 ετ
927 2055 1130 2122 episcoporum.

367 2209 385 2280 γ
420 2204 646 2288 λίανουηλ,
685 2213 760 2266 τοῦ
798 2201 1061 2282 άγιωτάτου
1090 2209 1168 2268 καί
1200 2203 1555 2288 οίκυυμενικού

278 2331 582 2413 πατριάρχου,
609 2329 757 2413 γραφὴ
782 2332 913 2412 τιμία
938 2325 1271 2392 ἀποδιώκουσα
1296 2325 1344 2390 ὲκ
1369 2333 1450 2411 τῆς
1481 2351 1555 2411 μο-

281 2459 358 2535 νῆς
386 2448 616 2535 ἐξάρχους
644 2473 689 2513 τε
717 2453 795 2514 καί
831 2447 1135 2527 ἐπισκόπους,
1164 2449 1281 2514 ἀλλὰ
1308 2451 1358 2535 δὴ
1386 2453 1471 2513 καί
1504 2449 1554 2513 ἐκ

281 2569 960 2660 τῶνχωρίωνεαύτῆςπᾶσανδὲ
985 2575 1405 2660 τηνπνευματικὴν
1432 2573 1554 2649 διεξ-

282 2698 461 2782 αγωγὴν
496 2693 640 2761 αύτιῐιν
669 2702 747 2761 καί
774 2699 1058 2785 κυβίρνησιν
1087 2695 1401 2763 ἀνατιθεῖσαν
1431 2701 1554 2782 πρὸς

281 2823 355 2884 τόν
390 2825 506 2885 κατὰ
541 2822 739 2906 καιρούς
776 2817 1160 2908 ἡγουμενεύοντα
1198 2831 1275 2908 της
1314 2823 1553 2907 τοιαύτης

281 2955 422 3032 μονῆς
445 2949 474 3024 †.

366 3067 557 3155 ῒἜφδασε
583 3073 639 3154 μὲν
663 3066 680 3133 ό
704 3067 881 3149 ἀγιάιτατος
909 3067 941 3133 ἐν
969 3073 1180 3155 πατριάρχαις
1210 3067 1342 3146 ἐκεῖνος,
1370 3077 1432 3152 κύρ
1463 3069 1552 3154 Γερ-

280 3197 388 3277 μανὸς,
415 3192 640 3278 ὲπιβραβεύσαι
664 3205 703 3280 τη
723 3198 808 3258 κατὰ
832 3195 867 3257 τό
891 3190 963 3278 ὄρος
987 3201 1041 3256 τού
1065 3192 1192 3277 Λάτρου
1215 3195 1374 3276 σεβασμίογ
1390 3213 1553 3277 πατριαρ-

280 3327 359 3403 χικη
384 3317 564 3402 περιωνύμιρ
589 3326 643 3381 τού
668 3313 760 3396 ἁγίου
783 3315 913 3382 Παύλου
938 3328 1019 3403 μονῇ
1043 3318 1096 3380 διά
1120 3315 1338 3395 σιγιλλιύδους
1368 3315 1555 3400 ὲνυπογρά-

281 3461 340 3528 ρυο
369 3437 465 3504 αότού
494 3445 679 3527 γράμματος
709 3439 891 3528 ἐλευθερίαν
920 3446 1070 3506 παντοίαν
1094 3445 1149 3504 καί
1174 3443 1208 3504 τό
1234 3439 1392 3525 ἀνωτὲραν
1417 3446 1553 3526 τυγχά-

280 3580 343 3626 νειν
367 3557 463 3648 αύτήν
488 3573 543 3650 της
568 3562 604 3627 ἐκ
628 3575 687 3628 τῶν
712 3569 796 3629 κατὰ
820 3565 950 3651 καιρούς
973 3562 1151 3650 ἐξαρχεύειν
1176 3566 1339 3650 λαχόντων
1365 3563 1444 3638 ἴσως
1476 3563 1553 3629 ἐπι-

281 3687 515 3773 συμβαινυύσης
550 3689 666 3774 ταύτης
700 3685 848 3774 ἐπηρείας
883 3693 939 3754 καί
974 3684 1175 3774 εὐπροσώπου
1211 3689 1332 3773 μᾶλλον
1367 3691 1490 3772 ζημίας
1529 3688 1551 3776 ἤ

279 3807 449 3896 ὠφελείας,
485 3805 522 3875 ού
546 3812 607 3897 μὴν
631 3809 816 3896 ἀλλὰπρὸς
840 3823 878 3898 τη
902 3823 958 3898 τῆς
988 3821 1085 3898 μονῆς
1114 3809 1284 3896 ἐλευθερία
1311 3815 1366 3875 καί
1395 3813 1452 3897 τὴν
1483 3823 1550 3876 τῶν

280 3931 330 3998 ὑπ’
354 3927 451 4020 οιότην
475 3939 597 4021 χωρίων
620 3939 676 3998 καί
700 3939 856 4021 μετοχίων
884 3936 1078 4022 διεξαγωγὴν
1103 3940 1158 3999 καί
1181 3935 1394 4020 πνευματικὴν
1417 3935 1552 4022 διοίκη-

280 4077 328 4122 σιν
353 4055 395 4142 τῷ
417 4061 502 4122 κατά
525 4059 656 4143 καιρούς
679 4061 916 4146 καθηγουμίνιρ
941 4069 996 4146 της
1021 4068 1119 4145 μονῆς
1142 4061 1371 4142 προσανέθετο.
1402 4053 1480 4144 ὅπερ
1506 4061 1550 4145 δὴ

280 4181 432 4260 σιγίλλιυν
461 4183 568 4256 καλῶς
603 4182 687 4269 ἔχων
715 4181 909 4262 ἐπιγνωσθὲν
937 4187 993 4246 καί
1022 4193 1060 4269 τῇ
1094 4179 1182 4270 ἡμῶν
1211 4185 1392 4268 μετριότητι
1423 4181 1551 4268 ἐπεση-

279 4305 389 4390 μοίνθη
416 4309 472 4369 καί
498 4304 569 4391 παρ’
605 4303 703 4394 αὐτῆς
731 4311 787 4371 καί
815 4305 852 4392 ἦν
882 4305 959 4392 ἔχον
987 4309 1022 4370 τό
1052 4303 1277 4391 ἀμετάπτωτον
1304 4303 1366 4378 ἕως
1394 4315 1451 4369 τού
1480 4315 1550 4372 νῦν.

279 4427 391 4513 ἀρτίως
415 4430 450 4492 δὲ
475 4427 643 4517 ἀνήνεκται
667 4441 704 4517 τη
733 4427 821 4516 ἡμῶν
850 4431 1030 4517 μετριότητι
1058 4433 1146 4514 παρὰ
1173 4439 1227 4494 τού
1257 4433 1373 4515 μόρους
1401 4439 1459 4515 τῆς
1489 4441 1551 4495 τού

280 4549 371 4629 ἁγίου
399 4550 530 4617 Παύλου
559 4564 670 4640 μόνης,
706 4551 748 4627 ὡς
777 4552 806 4618 οἱ
832 4553 1127 4640 πλησιοχωρυύντες
1156 4553 1255 4639 ταότη
1291 4551 1461 4618 ἐπίσκοποι
1488 4561 1551 4619 καί

280 4675 419 4756 μάλιστά
444 4696 479 4752 γε
503 4673 520 4740 δ
544 4675 808 4759 Ἀμαζοκόρακος
828 4689 997 4759 πειρῶνται
1017 4675 1223 4762 εὶσίρχεσδαι
1247 4675 1279 4739 ἐν
1303 4689 1367 4750 τοῖς
1390 4679 1443 4742 διὰ
1468 4699 1549 4763 χρυ-
