3190 5284
1259 248 1302 312 63

56 449 146 519 γούντα
173 448 229 527 τής
257 435 317 506 ύτύ
346 443 383 506 τό
412 445 535 506 πετίτον
563 439 723 528 Σμύρνης,
752 441 806 506 τύν
834 441 1186 528 μεγαλεπιφανέστατον
1214 447 1302 528 κύριν

21 621 22 654 χ
53 565 164 639 ’λλέξιον
191 564 246 627 τόν
282 547 547 652 Κασταμονίτην,
583 565 624 628 δι’
653 562 695 630 ὧν
723 568 779 629 καί
814 569 943 644 γέγονεν
971 561 1233 639 ἀποκατάστασις
1262 575 1301 652 τη

21 677 23 712 :
52 692 201 774 μνήσομ’
227 685 351 766 αύτιῑιν,
379 687 416 775 ήν
440 693 496 753 καὶ
519 685 650 762 οἰκείοις
674 685 856 776 ὀφθαλμοῖς
881 689 1099 774 ἐθεασάμεθα
1123 693 1180 753 καί
1204 685 1300 769 ἀνέγ-

51 831 133 896 νεμεν.
156 811 362 898 μετάκλητον
387 820 463 892 γοῦν
485 815 698 899 ποιησάμενοι
721 815 776 877 καὶ
804 815 857 877 τόν
881 811 1071 900 δηλωθέντα
1094 810 1222 878 Λέοντα
1245 815 1299 877 τόν

52 935 173 1021 Κσζάνην
207 931 431 1021 ἐζητήσαμεν,
465 945 531 1008 πῶς
563 938 619 1000 καί
653 939 735 1020 ποίιρ
761 937 865 1022 τρόπῳ
893 939 933 1000 τὰ
960 932 993 1000 έν
1020 933 1064 1022 τῷ
1096 930 1299 1023 ὑπομνήματι

51 1069 92 1122 τόν
111 1067 253 1144 μοναχῶν
279 1059 465 1144 δηλούμενα
488 1057 617 1144 δένδρα,
642 1053 689 1147 ἐφ’
716 1057 761 1132 οἷς
784 1061 841 1124 καί
865 1055 1159 1134 ἀποκαταστάσεως
1183 1058 1298 1147 άτοχον

52 1187 91 1246 καί
117 1179 145 1248 έν
177 1180 221 1268 τῷ
248 1181 421 1270 πρακτικιμ
449 1180 491 1269 τῷ
516 1184 604 1268 παρὰ
631 1190 687 1248 τού
713 1181 959 1268 Κασταμονίτοο
987 1185 1131 1263 γεγονότι
1154 1204 1298 1264 καταγε-

52 1309 189 1392 γρσμρένα
218 1303 252 1370 έν
279 1307 326 1392 τῷ
361 1311 461 1392 στίχῳ
484 1315 540 1393 τής
566 1315 677 1394 μονήτ,
706 1303 748 1370 δι’
775 1303 818 1370 ἀν
846 1309 903 1372 καί
931 1306 1022 1380 τέλος
1049 1317 1088 1394 πή
1117 1319 1198 1395 μονῇ
1227 1305 1304 1374 δοτέα

52 1431 114 1516 θηκι
136 1433 190 1494 καὶ
219 1433 325 1516 μέχρι
359 1438 414 1517 τής
442 1432 581 1517 σήμερον
608 1433 695 1517 παρὰ
722 1440 782 1495 τῶν
810 1440 960 1518 μοναχῶν
983 1431 1117 1509 δίδοται,
1148 1435 1300 1518 κατέχεις

51 1558 89 1617 καί
106 1559 241 1641 νύμεσαι.
275 1551 438 1629 ἀπέδειξεν
466 1549 539 1641 ἡμῖν
569 1551 830 1620 ἀποκατάστασιν
855 1553 1014 1643 έγγραφον
1032 1567 1199 1636 γεγονοίαν
1222 1557 1301 1642 πρός

53 1671 110 1742 αύτά
139 1681 176 1743 τὰ
208 1679 409 1765 δηλωθέντα
437 1677 553 1764 δένδρα
579 1682 666 1764 παρὰ
699 1687 754 1744 τού
790 1679 1145 1766 μεγαλεπιφανεστάτοο
1173 1677 1297 1745 έκείνοο

51 1801 179 1881 λαγγιδᾱ·
204 1799 280 1868 ἀλλ’
308 1799 376 1866 έπεί
400 1797 530 1890 εύρομεν
554 1800 586 1866 έν
610 1813 649 1890 τή
673 1803 804 1889 τοιαύτη
829 1799 1091 1869 ἀποκαταστάσει
1114 1823 1297 1890 κατεστρω-

54 1930 120 2010 ρένον
145 1921 324 2013 ὑπόμνημα
347 1927 403 1988 καί
427 1923 475 1991 ἐπ’
504 1921 588 2012 αύτῷ
613 1923 836 2012 έξενεχθείσαν
860 1928 948 1991 λύσιν
972 1927 1207 2014 πατριαρχικήν
1231 1928 1298 1992 διο-

53 2051 185 2135 ριζομένην
210 2052 282 2136 μὲν,
309 2051 363 2114 τόν
387 2051 457 2113 τότε
480 2050 553 2122 τούς
577 2059 633 2138 τής
658 2051 882 2138 μητροπόλεως
905 2049 1049 2138 Σμύρνης
1066 2049 1182 2126 οἴακας
1207 2051 1299 2116 διθύ-

53 2193 120 2237 ιοντα
143 2177 197 2237 καί
228 2169 331 2239 αότδν
359 2173 399 2260 δή
428 2175 481 2238 τόν
509 2171 677 2252 Λαγγιδάν
711 2176 915 2261 ποιήσασθαι
949 2173 1080 2260 ἔρευναν
1114 2178 1170 2240 καὶ
1198 2169 1298 2248 ούτως

21 2343 22 2380 3
54 2293 298 2362 ἀτοκατάστασιν.
328 2297 385 2385 τήν
413 2297 450 2360 δέ
469 2301 641 2382 γενομένην
665 2298 774 2384 πρᾶξιν
796 2300 884 2384 παρὰ
907 2305 962 2364 τού
985 2294 1137 2379 Λαγγιδᾱ
1159 2300 1217 2364 καί
1239 2301 1299 2384 μό-

52 2438 88 2482 νοι
104 2417 157 2484 τάν
182 2425 241 2486 καί
273 2418 423 2509 ἐφαίνετο
451 2423 617 2500 γεγονέναι
647 2421 763 2508 ταύτην
790 2419 864 2507 παρ’
891 2417 989 2487 αύτοδ
1017 2425 1074 2486 καί
1101 2429 1158 2486 τού
1182 2421 1298 2507 δικαίῳ

21 2571 22 2634 3
53 2551 88 2607 τοδ
109 2544 342 2630 μητροπολίτοο
370 2541 402 2620 έξ
430 2541 560 2630 έντολής
587 2541 710 2609 έκείνοο
738 2547 793 2610 καλ
822 2548 862 2610 τότ
883 2551 957 2630 παρ’
981 2541 1080 2610 αύτού
1106 2548 1298 2633 πραχθέντα

21 2713 22 2718 1
53 2663 138 2746 ιύλογα
163 2665 242 2735 ύντα
275 2667 419 2754 κάκείνῳ
454 2673 608 2754 στερκτέα
639 2669 902 2756 λσγισθήσονται,
934 2665 994 2734 οὐκ
1025 2669 1295 2757 έπαρεδεεάμεθα

52 2789 87 2854 όιά
104 2795 133 2856 τό
154 2795 195 2880 μή
220 2796 283 2858 καί
308 2801 364 2858 τού
388 2793 621 2880 μητροπολίτοο
644 2795 749 2880 φέρειν
773 2793 829 2880 τήν
857 2795 1006 2880 τοιαύτην
1030 2790 1294 2860 ἀποκατάστασιν

52 2907 213 3005 ύτογραφήν,
234 2915 309 2982 κάκ
324 2918 437 2981 τούτου
454 2917 594 3000 ἔγνωμεν
615 2916 741 2980 δίκαιον
759 2917 844 3003 έχειν
861 2928 900 3004 τῇ
925 2927 1007 3004 μονή
1032 2915 1082 2982 ἀτί
1104 2929 1143 3005 τή
1167 2929 1298 3007 κατοχή

53 3039 90 3100 καί
109 3051 181 3128 νομῇ
209 3045 271 3106 καὶ
306 3041 476 3124 δεσποτεία
504 3049 564 3104 τῶν
592 3041 748 3114 πολλάκις
777 3041 1019 3130 διαληφθέντων
1057 3039 1192 3106 έλαῑκων
1220 3042 1295 3108 δέν-

21 3213 22 3218 1
53 3158 107 3242 ύμιν
123 3167 202 3228 κατὰ
225 3165 287 3251 τήν
304 3165 382 3250 πρός
405 3163 460 3250 τήν
484 3165 583 3250 μονήν
607 3173 771 3244 γεγονόίαν
795 3167 881 3250 παρὰ
904 3173 959 3230 τοῦ
984 3165 1216 3251 μητροπολίτοο
1239 3168 1295 3230 καί

53 3292 89 3346 τού
108 3285 351 3374 Κασταμονίτοο
375 3285 649 3365 ἀποκατάστασιν,
678 3289 792 3362 καθὼς
815 3286 873 3352 καὶ
895 3286 930 3352 αἱ
951 3291 1037 3374 παρὰ
1060 3298 1120 3354 τῶν
1145 3299 1294 3376 μοναχύν

54 3406 201 3476 διττοτικαί
223 3413 461 3497 πατριαρχικαί
484 3409 641 3485 έπιλύσεις
663 3413 934 3498 προκομισθείσαι
955 3407 1029 3499 ἡμῖν
1054 3409 1293 3480 ἀνατάττοοσιν.

54 3525 106 3595 ύθεν
124 3539 174 3599 καί
195 3535 253 3600 διὰ
278 3543 336 3600 τού
358 3536 514 3621 παρόντος
536 3529 626 3622 ἡμῶν
650 3531 810 3623 ἐγγράφου
839 3543 894 3600 τού
917 3540 973 3600 καί
996 3538 1082 3612 τάξιν
1107 3541 1294 3624 σημειούμα-

21 3699 23 3772 η
55 3674 89 3726 τνς
112 3657 236 3744 ἔχοντος
267 3657 541 3744 ἀποκαθιστῶμεν
576 3667 615 3744 τή
639 3668 720 3745 μονή
749 3655 800 3723 ἐπί
827 3669 865 3745 τή
893 3670 1021 3748 κατοχή
1045 3663 1102 3726 καί
1125 3662 1296 3744 δεσποτεία

21 3775 22 3862 ή
56 3785 95 3842 τΐιν
112 3785 374 3864 τριακονταεννέα
408 3777 545 3846 έλαίκιδν
570 3781 717 3866 δένδρων,
752 3777 834 3848 ὥστε
858 3787 1007 3869 κατέχειν
1036 3793 1135 3850 ταῦτα
1162 3787 1219 3848 καί
1241 3787 1294 3848 νέ-

57 3905 143 3978 μεσθαι
164 3908 205 3992 μή
229 3909 322 3992 παρά
343 3925 426 3978 τινος
444 3905 690 3993 έμποδιζομένη.
715 3905 770 3970 διά
785 3927 834 3970 τοι
857 3916 950 3972 τούτο
966 3911 1023 3972 καὶ
1046 3919 1085 3994 τή
1104 3903 1193 3994 ἡμῶν
1215 3902 1294 3971 ύπο-

21 4009 22 4032 ³
56 4039 131 4114 ίννγή
154 4033 318 4095 τιστωθέν
351 4030 386 4094 τό
413 4033 513 4114 παρόν
548 4027 711 4117 ἔγγραφον
745 4026 888 4116 ἀπεδόθη
921 4041 959 4116 τη
992 4041 1073 4118 μονή
1097 4029 1143 4103 εὶς
1173 4028 1294 4094 οἰκείαν

59 4140 196 4234 ἀσφάλειαν
220 4157 299 4240 μηνὶ
322 4149 381 4218 καὶ
402 4150 461 4217 ἀνδ.
486 4164 550 4226 τοῖς
572 4155 866 4239 προγεγραμμένοις
890 4157 920 4234 †.

21 4365 22 4410 ,
112 4309 210 4390 ῒθὶ
244 4313 497 4376 κατεπάνω
532 4307 739 4396 Σμύρνης
772 4309 1007 4397 Βάρδαςύ
1051 4309 1293 4395 Λεβοόνης

59 4434 108 4494 ναί
135 4431 349 4520 Ἰωάννης
378 4430 396 4498 δ
422 4433 631 4520 Γαληνός
659 4437 688 4513 †.
