3140 5284
280 270 342 334 150

8 211 9 256 ί

8 261 9 302 ί

279 468 449 551 ζευγαρίων
473 461 493 552 ἡ
519 473 559 550 γῆ
575 465 629 528 διὰ
652 467 785 542 πάντων,
809 461 946 549 ῦπεργῦς
970 487 1002 528 τε
1024 469 1079 528 καί
1103 467 1284 552 νομαδιαία.
1309 467 1410 551 μηνὶ
1433 461 1539 549 μοιΐιρ

8 557 9 564 ¹
276 585 1058 674 λνδ.ίβδὸμηςτοῦςψμβὲτουςγ.

366 709 450 792 †‘0
478 711 648 785 δοῦλος
681 719 759 776 τοῦ
787 720 1017 798 κραταιοῦ
1052 715 1130 778 καί
1159 709 1296 791 ἁγίου
1323 707 1445 798 ἡμῶν
1474 707 1540 776 αὐ-

279 805 1541 922 δί-ντουκαὶβασιλίοις,προκαδήμενοςΣμῦρνηςκαί

278 959 553 1046 παραδῦτης
595 969 678 1023 τῶν
727 958 858 1032 ἐντὸς
905 963 1241 1045 γεγραμμένον
1286 963 1540 1045 χιοραφίιιιν,

279 1079 1067 1169 ἸωάννηςσεβαστόςδἈλουπόςγ.

518 1295 639 1365 LXXX.
657 1295 885 1374 evm-1265,
903 1315 1010 1362 mense
1026 1295 1132 1382 aprili,
1147 1295 1212 1362 ind.
1230 1295 1310 1364 VIII.

419 1509 421 1516 Α
448 1443 591 1500 Nicotaus
607 1455 634 1500 τί
649 1445 754 1501 Χαιαε
769 1445 927 1500 Dermatao
941 1445 1113 1502 monasterio
1128 1445 1239 1502 ἀυκαπί
1253 1463 1378 1517 eampo«.

369 1576 473 1659 †'l'6
501 1579 825 1665 δωρεαστικῦν
855 1578 1096 1667 ἔγγραφον
1130 1541 1450 1665 τοῦΙΔερματᾶ
1476 1575 1541 1641 Νι-

282 1699 1540 1789 κολάοοκαίτυῦυὶοῦαὐτοῦπερίτιῦνχοραφίωντῆς

281 1823 549 1910 Τραχεινῆς
573 1830 602 1905 †.

371 1947 468 2028 Σίγνα
490 1947 656 2014 Νικολάου
681 1958 736 2014 τοῦ
760 1954 910 2035 Δερματᾶ
934 1949 990 2015 καί
1013 1949 1113 2016 Ξὲνυυ
1136 1959 1191 2016 τοῦ
1211 1943 1283 2015 ὐἱοῦ
1307 1946 1417 2014 αὐτοῦ.

369 2075 390 2152 †
415 2071 468 2138 Ἔν
497 2069 629 2158 δνὸματι
656 2093 687 2137 κ.
715 2095 741 2137 τ.
766 2075 795 2138 λ.
819 2071 983 2147 Νικόλαος
1008 2072 1025 2138 ὁ
1048 2073 1215 2160 Δερματᾱς
1230 2077 1298 2138 ’καί
1320 2071 1419 2146 Ξίνος
1443 2069 1460 2134 ὁ
1483 2069 1542 2140 υἱὸς

284 2193 438 2262 αῦτυῦκ.
469 2213 494 2260 τ.
524 2197 551 2260 λ.
582 2199 664 2282 μετὰ
691 2199 745 2281 τὴν
781 2205 836 2262 τοῦ
864 2193 940 2262 ὅλου
969 2193 1067 2294 Ιἀφους
1096 2196 1272 2277 ἀνάγνωσιν
1301 2198 1357 2282 τήν
1384 2204 1541 2281 παροῦσαν

283 2321 442 2408 ἔγγραφον
466 2323 522 2385 καί
546 2320 763 2408 ὲνυπῦγραφον
788 2319 981 2386 ἀπεντεῦδεν
1004 2327 1062 2387 καί
1086 2321 1130 2396 εὶς
1155 2325 1190 2388 τὸ
1218 2319 1290 2409 ἑξῆς
1317 2341 1348 2386 κ.
1377 2343 1404 2386 τ.
1434 2323 1461 2386 λ.
1490 2319 1541 2382 ἔκ-

281 2444 371 2510 δυσιν
389 2493 397 2510 .
416 2495 422 2508 .
441 2495 451 2509 .
472 2453 699 2531 ποιοῦμεν...
724 2448 803 2531 πρὸς
826 2448 882 2532 τὴν
907 2448 1085 2533 σεβασμίαν
1108 2468 1139 2513 κ.
1156 2470 1181 2512 τ.
1199 2449 1229 2512 λ.
1254 2446 1351 2532 μονὴν
1374 2455 1431 2530 τῆς
1455 2439 1541 2525 ἀπερ-

283 2571 382 2648 ἀγνυο
408 2567 611 2654 δεομήτυρυς
639 2577 695 2655 τῆς
722 2568 968 2656 Λεμβιιοτίσσης
997 2591 1027 2636 κ.
1052 2593 1079 2636 τ.
1104 2573 1147 2649 λ,
1172 2571 1287 2644 καθὼς
1316 2569 1489 2654 δηλώσειεν
1511 2568 1542 2627 τι)

282 2687 372 2779 ἀφυς·
399 2695 456 2755 καί
484 2695 544 2777 γὰρ
572 2694 607 2756 τὰ
637 2693 675 2757 ἐκ
702 2693 892 2758 δεσποτικοῦ
916 2698 972 2759 καί
999 2695 1238 2781 κληρονομικοῦ
1262 2699 1377 2780 μέρους
1402 2693 1541 2778 διαφέρον

281 2783 371 2902 ἡμίν1
389 2817 552 2904 χοράφιυν
579 2824 636 2902 τῆς
667 2815 845 2903 Τραχεινῆς
879 2820 915 2882 τὸ
943 2816 1160 2904 κατιίδρυμυν,
1190 2815 1227 2882 ἐκ
1261 2819 1297 2881 δὲ
1334 2827 1389 2903 τῆς
1425 2813 1541 2880 ἄνωθεν

282 2935 363 3004 δδυῦ
383 2949 439 3026 τῆς
463 2937 650 3025 ἀπαγοῦσης
674 2938 707 3004 ἐν
730 2942 774 3026 τῷ
794 2937 970 3027 Κουκυῦλιρ
993 2943 1075 3028 ἔχων
1096 2943 1295 3028 πλησιαστήν
1315 2941 1541 3007 Κωνσταντῖνον

283 3063 336 3126 τάν
365 3062 579 3149 Ἀποστῦλην,
609 3061 646 3128 ἐκ
672 3065 709 3128 δὲ
738 3061 852 3150 μέρους
888 3067 1015 3150 βορείου
1042 3070 1099 3129 καί
1127 3063 1159 3141 ἐξ
1186 3063 1345 3151 ἀνατολῆς
1372 3067 1427 3130 τὸν
1456 3059 1541 3127 αῦτόν

283 3181 493 3272 Ἀποστῦλην,
518 3187 557 3251 ἐκ
581 3189 616 3252 δὲ
639 3191 744 3252 νοτίου
768 3192 883 3275 μίρους
905 3187 977 3276 ἥτοι
1001 3191 1226 3264 συνποδιίσειος
1250 3192 1286 3254 τό
1309 3193 1472 3276 χωρ’ἀφιον
1493 3193 1541 3249 τοῦ

283 3309 440 3389 Κολελοῦ,
468 3312 504 3374 τὸ
533 3311 568 3376 δὲ
595 3311 694 3376 δοθὲν
717 3311 789 3397 παρ’
813 3309 903 3398 ἡμῶν
928 3317 1090 3401 χοιράφιον
1117 3311 1162 3387 εἰς
1185 3314 1241 3400 τήν
1265 3313 1467 3399 δηλωθεϊσαν
1491 3311 1540 3391 βα-

285 3434 410 3520 σιλικὴν
435 3436 532 3521 μονὴν
556 3444 616 3499 τῶν
638 3432 774 3521 Λὲμβοιν
800 3433 868 3498 ἔστι
892 3442 1078 3522 στρέμματα
1099 3437 1141 3514 ἓξ,
1166 3435 1204 3501 ἐκ
1227 3439 1263 3501 δὲ
1285 3440 1399 3522 μέρους
1422 3437 1540 3498 δυτικσῦ

285 3557 340 3643 τὴν
370 3555 557 3636 ἀπάγουσαν
585 3555 660 3623 ἀδόν
684 3557 728 3632 είς
752 3563 791 3623 τά
820 3559 959 3644 βιβοίρια.
987 3563 1023 3624 τὸ
1047 3561 1082 3624 δὲ
1107 3569 1250 3625 τοιοῦτον
1278 3563 1441 3647 χοιρυίφιον
1465 3557 1540 3622 ἔστιν

285 3678 318 3745 ἀν
356 3679 400 3766 τιβ
438 3685 525 3766 μέρει
559 3677 662 3746 αὐτῶν
697 3691 757 3746 τῦν
792 3683 995 3768 πλησιαστιῦν
1031 3681 1068 3748 ἐκ
1103 3689 1207 3748 νοτίου
1236 3689 1292 3749 καί
1320 3686 1455 3768 βορείου,
1482 3679 1539 3744 ἐστί

285 3801 470 3891 στρίμματα
497 3803 555 3868 δῦο
582 3801 689 3891 ἥμισυ.
719 3809 882 3892 χοροίφιυν
909 3805 1018 3892 ἕτερον
1042 3807 1215 3893 λεγόμενον
1238 3805 1258 3895 ἡ
1282 3805 1445 3892 Βαμβσίκη
1472 3801 1561 3868 ὡσεί

286 3930 473 4012 στρέμματα
491 3931 593 4009 πίνττ,
620 3928 696 4014 ἔχον
719 3929 917 4016 πλησιαστήν
940 3927 977 3995 ἐκ
1002 3932 1127 4015 βορείου
1152 3936 1264 4017 μέρους
1287 3929 1357 4017 ἤτοι
1380 3939 1436 4017 τῆς
1451 3949 1539 4013 προρ-

285 4053 442 4138 ρηδείσης
470 4049 595 4117 ἀνωθεν
630 4049 705 4117 δδοῦ
734 4052 830 4118 Ξένον
860 4056 914 4118 τὸν
941 4053 1091 4139 Γυυνάριν
1119 4057 1172 4119 τάν
1202 4055 1320 4142 ἔχοντα
1348 4055 1403 4140 τήν
1427 4052 1540 4135 οἴκησιν

286 4173 319 4238 ἰν
346 4187 386 4263 τῇ
409 4177 540 4262 τοιαύτῃ
565 4177 726 4262 σεβασμίφ
750 4189 841 4264 μονῇ,
866 4177 911 4250 εὶς
934 4181 986 4242 τὸν
1011 4181 1145 4266 στρυφῦν
1174 4181 1209 4243 δὲ
1233 4187 1289 4243 τοῦ
1312 4179 1453 4244 τοιοῦτον
1479 4195 1539 4260 χιο-

271 4301 398 4386 ·ραφίυο
427 4297 504 4385 ἕχον
533 4301 689 4386 βροῦλλοις
717 4295 776 4365 οὐκ
805 4299 915 4380 δλίγας
949 4305 1006 4366 καὶ
1034 4299 1207 4387 ἀλμοτῦπιν
1236 4298 1295 4367 οὐκ
1324 4299 1430 4381 ἀλίγον
1454 4299 1484 4363 ἐν
1506 4305 1539 4380 ιγ

286 4417 367 4509 αὐτῇ
390 4419 556 4509 ἀροδεσίφ.
584 4429 654 4512 περὶ
678 4426 714 4490 δὲ
741 4433 796 4489 τοῦ
820 4421 895 4511 ὅρου
918 4434 973 4490 τοῦ
998 4424 1189 4491 ἀνατυλικοῦ
1218 4430 1332 4512 μὲροος
1356 4421 1414 4490 οὐκ
1438 4423 1540 4509 ἔχουσι

286 4549 369 4624 τινὰ,
397 4545 425 4610 εί
452 4548 494 4633 μὴ
530 4549 584 4634 τὴν
613 4549 742 4634 λοίγιπην
772 4553 871 4635 μόνην
899 4553 954 4614 καὶ
983 4551 1315 4636 συγκαταβαινίμενον
1343 4553 1378 4616 ιδ
1406 4555 1539 4614 τοιοῦτον

288 4665 430 4755 ἀστάχον
459 4668 604 4736 ἀποδιδοῖ
632 4671 676 4745 είς
705 4673 740 4736 τῦ
765 4675 926 4760 χιοράφιυν
951 4681 1004 4738 τοῦ
1029 4670 1121 4752 ἁγίου
1148 4673 1305 4760 Γεωργίυυ
1329 4681 1383 4740 τοῦ
1406 4671 1537 4740 Σιλλειί-
