3140 5306
1221 291 1287 360 229

254 483 383 552 CXLIV.
403 487 661 568 [6801-1293],
678 507 784 552 menso
800 487 890 566 maio,
909 487 973 551 ind.
992 487 1043 552 vl.

46 613 140 666 ,ίίωιυιί
160 612 343 686 Sym-opulus
363 619 444 670 ιάεειι
465 617 648 688 imperatoris
668 593 862 672 ἀεσαάόεαάοε
887 627 971 672 curat
985 619 1059 690 fines
1075 619 1284 688 ροεεεεεάυκιιπι

17 715 19 864 ή
562 725 736 780 monasterii.

17 969 217 1058 ίμαπαρά
243 983 322 1038 τοῦ
344 975 634 1062 δομεστίκοο
657 989 739 1043 τῶν
764 981 1057 1044 ἀνατολικῶν
1080 981 1286 1064 δεμοίτων

1216 825 1226 846 .

108 849 194 928 ήΤὸ
221 851 477 938 ἐσύστερον
502 857 689 934 γεγονός
713 853 1135 921 ἀποκαταστατικόν
1157 861 1286 941 γράμ-

46 1094 300 1183 ίι·δρισμοῦ
328 1111 656 1188 προσκυνητοό
691 1105 827 1189 χάριν
856 1109 933 1166 τοῦ
959 1107 1182 1188 περιόροο
1208 1113 1286 1190 τῆς

17 1293 19 1370 ί

17 1343 1286 1436 ,ιυνείςτήνπεριοχήναότοόκαίνομήντήνάνίκα·
1393 1397 1395 1401 ,

17 1465 516 1560 ήίενόρσθετηδεῐσαν
539 1476 568 1550 †.

17 1581 18 1624 ³
112 1595 130 1672 †
152 1591 191 1656 Οἱ
220 1589 254 1657 ἐν
282 1603 321 1680 τή
350 1595 509 1680 σεβασμίη
536 1595 687 1682 βασιλικῇ
712 1597 767 1659 καί
795 1603 1011 1680 πατριαρχική
1036 1603 1117 1680 μανή
1140 1605 1180 1680 τη
1203 1589 1285 1660 οὕτω

17 1697 18 1790 6
49 1738 94 1788 τος
108 1713 342 1803 ίτικεκλημὲνη
359 1725 419 1780 των
442 1715 577 1804 Λίμβων
594 1715 822 1804 όνασκοόμινοι
839 1719 976 1803 μοναχοί
999 1717 1090 1784 δείυν
1108 1719 1164 1781 καί
1185 1737 1285 1802 προσ-

47 1231 176 1307 ρονής,
202 1219 307 1287 ἐπεὶ
334 1225 769 1290 κατεδυναστεόετυ
797 1229 916 1310 παρά
944 1237 1026 1290 τῶν
1053 1225 1286 1312 Νεσχωρι-

17 1849 19 1986 ή
49 1839 156 1923 κινητόν
177 1841 373 1923 πρόσταγμα
405 1845 663 1926 προκεκομίκασί
692 1862 759 1926 μοι,
783 1841 1011 1926 διοριζόμενον,
1046 1833 1130 1911 όπως
1157 1842 1285 1926 τηρήσω

17 1991 18 2032 γ
48 1965 86 2033 τίς
105 1963 259 2040 διενίξεις,
284 1962 324 2034 ἀς
341 1961 468 2047 ἔχουσιν
493 1960 544 2028 ἐπὶ
566 1961 609 2048 τῷ
628 1967 762 2049 περιόριμ
787 1973 842 2050 τῆς
858 1969 918 2048 γής
942 1959 1044 2028 αὐτόν
1067 1966 1152 2047 μετοί
1170 1983 1204 2026 τε
1229 1971 1284 2028 τοῦ

49 2083 139 2148 ιίκείοο
160 2083 204 2170 τῷ
226 2083 369 2170 κραταιῷ
391 2087 446 2148 καὶ
469 2082 550 2169 ἀγίιμ
572 2082 661 2173 ήμῶν
685 2082 825 2172 αάθίντη
853 2088 910 2150 καί
933 2086 1069 2169 βασιλεῖ,
1092 2105 1284 2164 πανεογινε-

49 2211 137 2271 ιτάτου
158 2205 268 2273 Δοόκα
296 2216 394 2292 κυροῦ
420 2207 573 2294 Μανουήλ
604 2217 660 2273 τοῦ
683 2208 854 2295 Ἀπρηνσό,
880 2211 959 2294 μετὰ
983 2217 1038 2273 τοῦ
1068 2205 1282 2294 Μαυρσίιίιμη,
1310 2259 1314 2268 .

17 2363 18 2366 ¹
49 2327 77 2403 ός
97 2335 316 2418 κατεχομένων
344 2333 399 2418 τήν
433 2341 492 2419 γήν
520 2341 576 2418 τής
610 2333 813 2419 Θρακησίνης
840 2337 896 2397 καί
925 2331 1038 2417 ἀρτίως
1065 2333 1217 2397 δοδείσαν
1241 2343 1280 2419 πή

17 2437 18 2508 ί
50 2449 106 2540 αὐτῇ
125 2455 310 2542 Θρακησίνη
334 2452 372 2518 δι’
397 2451 528 2541 ὁρισμοῦ
551 2464 778 2542 προσκυνητοϋ,
804 2453 849 2520 ἔτι
872 2457 908 2520 δὲ
930 2459 987 2520 καί
1011 2458 1091 2541 μετὰ
1114 2467 1173 2520 τῶν
1196 2454 1282 2522 Νευ-

49 2589 165 2662 χορικῶν,
189 2583 247 2643 καί
272 2577 484 2664 οἰκονομήσω,
506 2576 559 2642 ἵνα
582 2577 771 2664 διαμένωσιν
796 2579 1014 2666 ἀνενόχλητοι.
1038 2584 1095 2644 καί
1118 2583 1203 2644 κατά
1227 2581 1291 2666 τήν

17 2703 18 2732 ³
49 2703 182 2787 περίληψιν
206 2709 263 2766 τοῦ
288 2703 430 2765 τοιοότου
453 2704 546 2765 θείου
569 2705 624 2766 καί
646 2711 864 2788 προσκυνητοῦ
889 2691 1135 2788 προστάγματος
1158 2701 1201 2788 μή
1226 2703 1282 2768 δυ-

50 2827 130 2906 ηδείς
151 2821 245 2898 αὐτὸς
271 2821 401 2911 αότοήίν
425 2823 578 2890 ἀπελθεῖν
605 2828 660 2888 καί
683 2835 819 2911 τηρήσαι
843 2821 941 2898 αὐτὰς
964 2825 1018 2889 διά
1041 2828 1098 2896 τάς
1121 2823 1281 2909 ἐπικαιρί-

17 3023 18 3026 *
51 2966 88 3018 νας
108 2947 250 3021 δουλείας
278 2957 333 3034 τῆς
361 2945 476 3034 ἔνυχής
505 2967 579 3033 μου,
616 2945 787 3012 ἀπέστειλα
813 2948 929 3033 δικαίῳ
957 2967 1016 3033 μου
1051 2951 1104 3011 τόν
1139 2949 1282 3032 γαμβρόν

17 3047 18 3090 ³
52 3089 99 3149 μου,
121 3080 176 3156 κῡρ
203 3069 360 3158 Μανουήλ
382 3072 435 3134 τόν
462 3069 691 3155 Κριτόπουλον,
720 3071 955 3158 παραδηλιίισας
982 3072 1036 3135 διά
1063 3081 1188 3158 γραρής
1219 3091 1280 3156 μου

17 3223 18 3286 γ
51 3193 89 3253 καί
99 3193 135 3278 τῷ
153 3196 294 3280 δεσπότη
311 3216 380 3280 μου,
404 3193 449 3278 τιμ
463 3196 683 3279 πανιεριιτάτιρ
708 3195 923 3280 μητροπολίτη
940 3193 1081 3280 Σμύρνης
1103 3197 1159 3260 καί
1183 3189 1279 3278 ὅπερ·
1377 3181 1381 3192 ’

51 3318 112 3398 νήτη,
137 3317 177 3391 εἰς
204 3321 240 3383 τό
270 3315 489 3393 ἐξαποστεῖλαι
517 3316 674 3404 ἄρχοντας
701 3327 757 3404 τῆς
780 3316 956 3405 ἐκκλησίας
980 3313 1153 3382 αὐτοῦκαὶ
1176 3314 1278 3383 ἀπελ-

17 3449 18 3464 ’
51 3439 98 3500 δεῖν
117 3447 188 3524 μετά
212 3449 268 3506 τοῦ
292 3439 459 3526 εἰρημένου
480 3440 698 3526 Κριτοποόλου
720 3446 777 3505 καί
800 3439 939 3528 ἐφισρείν
963 3445 1042 3527 μετὰ
1065 3443 1171 3527 πόσης
1195 3438 1277 3528 ἀλη-

17 3617 18 3630 ,
51 3560 117 3634 δείας
136 3569 187 3628 καί
211 3563 383 3642 ἐξετάσεως
406 3565 461 3650 τήν
485 3562 658 3651 ἀλήθειαν,
686 3568 742 3629 καί
764 3563 804 3650 δή
830 3561 1019 3638 ἀποστείλας
1043 3568 1095 3630 τόν
1119 3585 1153 3630 τε
1177 3569 1278 3650 μεγαν

52 3687 225 3773 ιαιελλοίριον
250 3691 303 3752 τόν
327 3685 523 3774 Σταρηδοίκη
547 3691 603 3752 καί
626 3689 678 3751 τόν
702 3687 874 3752 σακελλίοο
901 3689 954 3752 τόν
976 3685 1155 3773 Λαπαρδαν
1177 3709 1287 3772 παρε-γ

17 3805 18 3898 ᾗ
52 3809 144 3878 γένοντο
170 3815 249 3897 μετὰ
278 3821 337 3875 τῶν
372 3821 521 3896 μοναχιῖιν
551 3809 595 3884 είς
622 3813 674 3874 τόν
703 3813 810 3886 τόπον,
840 3810 923 3874 ἔνθα
949 3814 1005 3874 καί
1027 3806 1046 3896 ἡ
1071 3811 1199 3887 διίνεξις
1225 3807 1274 3897 ήν.

53 3921 157 4017 ὁπήργον
183 3937 218 3999 δὲ
247 3932 351 3999 ἐκεῖσε
379 3937 435 3998 καί
463 3930 533 3998 ὅσοι
568 3931 629 3998 ἀπό
656 3941 711 3997 τοῦ
742 3937 860 4018 χωρίου
887 3941 942 3997 τοῦ
969 3931 1155 4018 Παναρέτοο
1180 3931 1272 3998 Μαν-

54 4059 117 4128 τιίος
139 4063 288 4144 χρήσιμοι
311 4063 455 4143 γίροντες
479 4056 586 4122 οἱκαὶ
608 4059 684 4141 πρός
706 4061 856 4122 πίστωσιν
882 4061 1055 4142 μαρτυρίας
1079 4053 1274 4140 εὐπρόσδεκ-

17 4167 19 4262 j
56 4185 142 4244 ιοικαί
156 4181 284 4268 ἔχοντες
307 4187 363 4254 τάς
379 4181 515 4268 εἰδήσεις
538 4180 595 4245 καὶ
618 4185 657 4246 τὰ
681 4187 882 4266 γνωρίσματα
899 4189 953 4245 τοῦ
970 4184 1075 4258 τόπου,
1100 4177 1166 4244 ὅτε
1190 4179 1272 4246 Θεό-

17 4291 18 4296 ¹
55 4295 126 4382 δίίῡς
145 4302 160 4368 6
180 4305 348 4392 Μαρτίνυς,
371 4303 534 4379 Νικόλαος
556 4304 574 4370 6
598 4305 770 4388 Κακαβᾱς,
794 4304 886 4370 Λέων
909 4301 926 4368 ό
949 4304 1119 4391 Ἀρρίνης,
1148 4303 1271 4370 Θεόδω·

57 4441 90 4499 ίίι
108 4423 121 4489 ό
139 4427 279 4516 Βαρίτης,
304 4425 321 4494 6
344 4432 475 4514 νομικός
493 4429 661 4515 Γεοίργιος,
683 4427 838 4513 Γεωργιος
862 4425 879 4491 6
907 4426 1114 4512 Παλαμάρης,
1139 4425 1271 4512 Μιχαήλ

58 4537 276 4630 λ’ἀξάκουστυς,
304 4551 449 4639 Ἰωάννης
472 4550 489 4618 6
513 4551 718 4637 Παρδολὲων,
746 4549 763 4616 6
786 4549 1007 4634 Λυγγίβαρδυς
1030 4549 1174 4636 Μιχαήλ,
1203 4548 1270 4614 Ἰω-

17 4691 18 4710 ι
59 4669 123 4755 ἀννης
142 4674 156 4740 6
174 4675 320 4754 Ῥοδινός,
344 4675 505 4749 Νικόλαος
521 4673 538 4740 ό
553 4675 900 4761 Παρδοπεραγωμὲνος,
924 4671 1057 4760 Μιχαήλ
1080 4670 1096 4737 6
1120 4673 1269 4761 Βαρίτης,

17 4727 19 4832 ί

17 4911 19 5036 ί
