3228 5296
260 226 307 290 24

260 417 426 502 βασιλείας
450 437 511 502 μου
534 415 671 480 δοθεῖσα
695 411 786 500 αῦτη.
818 411 838 501 ἡ
862 417 947 482 κατὰ
971 415 1023 481 τὸν
1047 415 1173 500 κοίμπον
1203 421 1257 478 τοῦ
1280 410 1543 497 Μιμανιωμένου

260 545 316 610 καί
336 536 396 606 ὸπό
420 541 455 604 τὸ
473 539 695 624 ζευγηλατείον
719 548 779 602 τῦν
803 535 972 603 Παλατίων
988 540 1095 623 πρύην
1119 537 1267 614 τελοῦσα,
1289 533 1328 622 ἧς
1350 538 1391 601 τὸι
1414 544 1544 620 σημεῖα

260 665 433 750 δηλοῦνται
462 663 496 728 ἐν
517 661 561 744 ποῖ
587 664 735 747 προσόντι
758 673 797 748 τη
821 671 903 748 μονη
930 663 1075 748 περιόριρ.
1100 659 1132 724 ἐν
1156 659 1199 746 τῷ
1225 656 1309 746 αύτῷ
1335 665 1458 748 ιιιίμπιρ
1483 663 1545 722 καί

259 791 448 874 προάστειον
473 788 507 850 τὸ
531 784 754 870 ἐπιλεγόμενον
782 793 835 850 τοῦ
859 783 990 871 Ἀσάνη.
1015 781 1109 870 ἕτερα
1129 794 1314 873 χωραριαία
1336 789 1430 850 τόπια
1455 783 1546 868 πλη-

262 917 330 976 σίον
347 922 407 976 τῦν
431 909 600 976 Παλατίων
624 905 743 994 ύπεργα
767 911 824 972 καί
846 908 1028 992 νομαδιαῑα,
1054 903 1113 972 ὸπὸ
1138 912 1177 974 τὰ
1201 889 1394 974 δίκαιαΙτῦν
1419 907 1542 974 Παλα·

260 1041 334 1102 τίων
358 1033 577 1116 καὶ-λιβάδων
601 1035 636 1097 τὸ
661 1032 885 1117 ἐπιλεγόμενον
902 1041 961 1096 τιῦν
986 1031 1163 1118 Ἀββοίδωκ
1189 1030 1277 1105 ἐντὸς
1299 1041 1356 1120 τῆς
1380 1042 1443 1097 τιῦν
1470 1030 1541 1096 Πα-

260 1161 376 1224 λατίων
399 1165 554 1243 περιοχῆς
574 1156 763 1240 περιβόλιον,
791 1156 960 1240 περιελθὸν
990 1151 1070 1242 αύτη
1095 1152 1157 1220 ἀπὸ
1182 1155 1304 1241 δωρεᾶς
1327 1164 1382 1220 τοῦ
1405 1158 1542 1222 πάππου

261 1292 317 1368 τῆς
342 1283 510 1366 βασιλείας
535 1301 604 1366 μου.
628 1285 745 1366 χωρίον
768 1275 788 1366 ἡ
812 1277 903 1365 Βάρη
927 1277 998 1366 ἤτοι
1021 1282 1060 1346 τὰ
1084 1277 1182 1364 Μηλα
1211 1279 1266 1344 σύν
1296 1290 1359 1354 τοῖς
1388 1277 1421 1346 ἐν
1453 1275 1541 1364 αὐτῷ

261 1401 547 1492 προσκαθημένοις
576 1408 743 1489 παροίνοις
777 1406 834 1474 καί
862 1401 904 1486 τηῑ
942 1403 1086 1490 δημοσίῳ
1115 1401 1358 1482 ὸινεπιγνοίστοις
1386 1408 1447 1468 καί
1475 1414 1542 1474 τοῖς

264 1527 298 1596 ἐν
322 1539 361 1616 τῇ
384 1527 512 1613 Σμύρνῃ
536 1529 818 1613 προσκαθημένοις
841 1529 931 1592 παισί
955 1533 1010 1611 τῆς
1033 1524 1175 1614 Μηλοῦς.
1201 1524 1233 1592 ἐν
1254 1529 1296 1614 τῷ
1316 1523 1404 1612 αύτηῖ
1426 1531 1541 1614 χωρίῳ

263 1653 321 1721 δύο
349 1650 571 1738 ἐξηλειμμέναι
606 1653 733 1722 στάσεις
762 1657 816 1714 τοῦ
846 1647 970 1714 Σπανοῦ
998 1653 1055 1712 καί
1084 1658 1138 1716 τοῦ
1163 1649 1356 1738 Μηνυνοίρη,
1386 1649 1475 1744 ἀλλὰ
1500 1651 1540 1735 δὴ

263 1779 318 1842 καί
345 1779 495 1863 χωράρια
523 1771 585 1840 ἀπὸ
614 1779 674 1838 ιιῦν
697 1771 974 1858 Γουναροπούλοιν.
1001 1771 1032 1840 ἐν
1057 1785 1095 1860 τη
1124 1785 1165 1862 γῇ
1195 1783 1254 1840 τῶν
1281 1772 1455 1838 Παλατίων
1486 1775 1539 1848 ξέ-

175 1957 181 1970 ,
262 1921 311 1964 νει
337 1899 578 1984 παραδοθέντες
613 1909 652 1984 τη
681 1908 762 1984 μονη
791 1897 845 1960 διὰ
872 1905 1047 1982 πρακτικοῦ
1069 1893 1131 1962 ’τοῦ
1160 1891 1315 1984 ῥηθέντος
1343 1907 1444 1982 πυροῦ
1474 1895 1540 1965 Μι-

264 2023 353 2111 χαὴλ
382 2013 437 2088 τοῦ
461 2021 574 2088 Φωκᾶ.
601 2019 689 2094 ἐντὸς
713 2029 768 2084 τοῦ
791 2021 934 2084 τοιούτοιν
955 2019 1072 2107 χωρίου
1097 2023 1247 2108 μετόχιον
1271 2016 1289 2086 6
1312 2017 1403 2101 ἅγιος
1432 2019 1458 2088 Γ
1461 2025 1542 2106 εῦρ-

264 2168 348 2226 γιος,
377 2145 410 2210 ἐν
433 2143 464 2230 ιμ’
486 2148 542 2208 καί
564 2143 679 2208 κελλία
703 2145 854 2224 σύνεγγυς
878 2147 934 2206 καί
957 2145 1091 2228 πλησίον
1115 2145 1226 2208 τούτου
1251 2143 1414 2230 ἀμπέλων.
1443 2141 1477 2207 ἐν
1502 2153 1542 2228 τῇ

264 2279 400 2356 περιοχῇ
430 2277 484 2333 τοῦ
514 2265 610 2332 αὐτοῦ
634 2273 754 2354 χωρίου
777 2278 836 2332 ιιῦν
860 2265 977 2354 Μήλαν
1002 2265 1174 2354 ἐκκλησίαι
1197 2269 1265 2347 δύο,
1288 2265 1309 2356 ἡ
1334 2272 1392 2357 μὲν
1410 2273 1471 2354 μία
1496 2266 1541 2339 τίς

264 2388 367 2478 ὄνομα
402 2390 549 2478 ἱδρυμένη
579 2399 634 2478 τῆς
663 2389 755 2472 ἁγίας
783 2389 941 2478 Μαρίνης,
970 2387 989 2478 ἡ
1019 2391 1054 2456 δὲ
1083 2388 1175 2478 ἑτέρα
1203 2390 1219 2458 ὸ
1244 2389 1335 2472 ἅγιος
1358 2393 1539 2478 Θεόδωρος,

269 2513 363 2602 ίτέρα
384 2513 546 2601 ἐκκλησία
569 2515 800 2601 κεχαλασμένη
829 2512 845 2578 6
869 2511 961 2597 ἅγιος
985 2513 1142 2604 Ἰωάννης,
1166 2512 1204 2604 ής
1227 2517 1362 2602 πλησίον
1390 2514 1460 2582 ἐστὶ
1484 2517 1543 2582 καὶ

265 2647 378 2726 σχῆμα
406 2647 588 2726 χειμερινοῦ
621 2639 835 2723 μυλυστασίου
863 2643 919 2704 καί
942 2642 1085 2724 ποταμὸς
1116 2637 1132 2704 6
1157 2643 1396 2727 κατερχόμενος
1425 2637 1444 2705 6
1475 2638 1543 2704 ἐπι-

265 2763 440 2847 λεγόμενος
464 2761 678 2848 Δημοσιοίτης,
709 2759 740 2824 ἐν
777 2759 803 2849 ᾧ
828 2765 884 2826 καί
913 2761 1021 2848 είσροη
1058 2767 1177 2842 γίνεται
1212 2764 1395 2830 θαλασσίου
1423 2760 1543 2834 ὕδατος

270 2889 326 2952 καί
355 2883 543 2971 ἀγρεύονται
572 2887 656 2949 κατὰ
684 2886 815 2972 καιρούς
842 2889 898 2952 καί
920 2884 1046 2978 ἰχθύες.
1076 2883 1241 2974 ἐπικτήθη
1265 2899 1303 2976 τη
1329 2889 1410 2975 μονῇ
1435 2885 1470 2966 ἐξ
1493 2885 1542 2952 υί-

263 3014 358 3074 κείων
388 3007 502 3084 ἐξόδων
530 3012 587 3074 καὶ
621 3011 727 3072 κόπων
756 3011 791 3074 τὸ
820 3005 852 3074 ἐν
881 3021 920 3097 τη
948 3009 1089 3086 λαγκοίδι
1118 3017 1173 3076 τοῦ
1202 3013 1287 3076 κατὰ
1314 3012 1369 3098 την
1393 3011 1540 3098 Σμύρνην

264 3133 475 3198 δαλαττιαίου
509 3133 630 3197 κόλπου
665 3133 808 3218 βιβάριον
843 3135 878 3196 τὸ
909 3133 1133 3218 ἐπιλεγόμενον
1162 3130 1179 3200 6
1207 3133 1307 3220 Γῦρος
1343 3135 1399 3200 σύν
1434 3145 1475 3222 τη
1506 3131 1539 3206 ἐξ

266 3255 383 3340 ἀνέμου
399 3261 455 3322 καί
476 3267 540 3329 τοῦς
564 3252 743 3336 αύλακίοις,
766 3253 976 3342 πορισθέντος
999 3261 1069 3342 περί
1092 3258 1202 3321 τούτου
1226 3268 1265 3344 τῇ
1291 3269 1372 3344 μονῇ
1388 3262 1446 3324 καί
1470 3255 1538 3344 δρι-

266 3389 349 3466 σμοῦ
376 3389 431 3445 τοῦ
458 3383 586 3446 πάππου
614 3391 670 3468 της
699 3381 864 3464 βασιλείας
894 3401 964 3466 μου.
993 3380 1037 3454 εἰς
1065 3383 1100 3446 τὸ
1124 3384 1241 3468 χωρίον
1271 3382 1326 3466 τὴν
1349 3380 1449 3468 Δρούν
1475 3379 1535 3466 ὸιμ·

264 3505 359 3568 πέλια
375 3501 407 3568 ἐν
424 3505 495 3569 δυσί
511 3506 717 3576 τοποθεσίαις
742 3501 817 3568 ὸισεί
839 3505 955 3589 μοδίιιιν
980 3501 1141 3590 ἐγχωρίων
1165 3504 1303 3583 δώδεκα,
1327 3505 1536 3592 περιελθόντα

264 3629 363 3714 ταύτῃ
392 3624 429 3692 ἐκ
457 3629 670 3712 προσενέξιως
699 3637 753 3692 τοῦ
781 3635 878 3712 κυροῦ
906 3625 1015 3697 Δαυιδ.
1046 3625 1091 3702 εδς
1120 3629 1155 3692 τὸ
1180 3622 1257 3692 αύτὸ
1285 3633 1403 3716 χοιρίον
1426 3629 1535 3714 ἕτερον

269 3749 422 3836 ἀμπέλων
443 3751 561 3837 μοδίων
584 3751 650 3829 δύο,
674 3749 843 3835 περιελθὸν
868 3751 967 3840 ταύτῃ
994 3751 1031 3816 ἐκ
1055 3753 1265 3837 προσινέξεως
1289 3761 1343 3818 τοῦ
1368 3750 1536 3839 ίερομονά-

265 3898 327 3963 χοο
353 3875 510 3962 Μαξίμου.
547 3877 627 3960 μετὰ
654 3875 691 3939 δέ
718 3874 773 3963 τήν
799 3875 965 3966 περίληψιν
1000 3887 1059 3942 τιῦν
1089 3875 1260 3962 εἰρημένων
1287 3876 1534 3966 χρυσοβούλλων

263 4001 440 4087 περιῆλθον
469 4010 507 4087 τη
537 4010 618 4086 μονη
646 4002 701 4064 καί
728 4002 813 4066 κατὰ
841 4000 966 4064 δίκαιον
994 3999 1089 4077 λόγον
1115 3995 1210 4086 ἕτερα
1238 4009 1348 4067 ταῦτα·
1385 4003 1533 4088 μετόχιον

266 4123 312 4198 τίς
335 4125 406 4204 τούς
427 4122 574 4198 Πλάνους
599 4126 677 4208 μετὰ
699 4120 868 4210 χωραιρίων
892 4120 949 4186 καὶ
971 4122 1106 4206 δένδρων
1131 4119 1277 4202 ἐλαῑκιῦν,
1301 4125 1470 4212 περιελθὸν
1495 4131 1533 4205 ιη

264 4247 396 4334 τοιαύτη
431 4259 513 4336 μονῇ
548 4245 586 4312 ἐκ
614 4247 824 4330 προσενέξευς
858 4252 912 4310 τοῦ
940 4243 1110 4333 Πλανητου
1145 4243 1268 4314 ἐκείνου
1297 4256 1353 4314 τοῦ
1388 4252 1531 4334 μοναχυῦ

263 4369 420 4456 Μαξίμου.
445 4372 560 4458 δένδρα
584 4369 700 4434 ἐλαῑκὰ
716 4370 840 4448 δεκαέξ,
864 4370 1074 4456 περιελθόντα
1091 4369 1129 4438 ἐκ
1152 4373 1362 4456 προσενέξευς
1383 4379 1438 4438 τοῦ
1463 4367 1530 4434 ἐτέ-

264 4493 505 4582 ρσυΠλανήταυ
529 4503 584 4560 τοῦ
607 4491 806 4583 Νικοδήμου,
830 4497 870 4560 τὰ
886 4489 965 4578 ἅπερ
989 4490 1075 4580 εἶχεν
1098 4490 1115 4558 6
1140 4491 1320 4581 Πετρίτίης.
1346 4492 1439 4579 ἐτερα
1462 4488 1529 4556 δέν-

263 4618 324 4706 δρα
353 4627 407 4684 τεῦ
437 4615 532 4684 αύτοῦ
560 4617 748 4707 Νικοδήμου
772 4613 888 4682 ἐλαῑκὸι
910 4621 1010 4684 πέντε.
1040 4619 1190 4703 μετόχιον
1214 4614 1230 4682 ὸ
1256 4615 1347 4698 ἅγιος
1376 4616 1528 4702 Γιύργιοε
