3168 5274
1242 285 1304 348 341

55 467 258 557 δίαλιασηνύς,
284 469 406 560 ίδεήθη
431 483 486 560 τῆς
511 475 677 558 βασιλείας
702 495 762 559 μου
780 471 912 560 ὁρισμοῦ
938 475 1052 560 ταύτης
1077 485 1179 558 τυχεῖν
1203 475 1257 560 τήν
1275 473 1306 539 ἐν

55 593 88 678 τήν
108 591 176 679 ύρει
199 604 255 682 τῆς
272 595 495 682 Δρυανούβεως
518 597 725 684 διακειμένην
749 599 928 686 σεβασμίαν
952 598 1184 689 πατριαρχικήν
1202 618 1307 682 γυναι·

54 722 132 782 κείαν
158 721 256 805 μονήν
280 721 335 806 τήν
361 719 399 791 ἐκ
423 722 554 808 βάθρων
580 719 806 806 ἀνεγερθεῖσαν
829 725 915 808 παρὰ
939 731 994 810 τής
1016 719 1147 808 ἀνεψιᾶς
1170 732 1225 810 τής
1246 723 1307 806 βοι-

55 843 163 916 σιλείας
180 865 251 930 μου,
276 843 447 932 Κομνηνής
464 855 563 932 κυράς
578 843 699 931 Ἄννης
722 843 990 931 Παλαιολογίνης,
1014 854 1071 930 τῆς
1094 848 1230 926 συζύγου
1248 841 1307 910 αύ-

54 975 106 1041 τυύ,
128 968 186 1054 τήν
209 969 265 1030 καί
289 965 337 1034 ἀπ’
361 965 493 1054 δνόματι
516 975 570 1033 τού
599 973 703 1053 τιμίου
727 973 904 1056 τιμωμένην
927 965 1118 1055 Προδρόμου
1141 974 1198 1035 καί
1218 967 1306 1038 Νέαν

53 1088 165 1175 Πέτραν
195 1089 457 1180 ἀπικεκλημὲνην,
482 1093 710 1179 διοριζομὲνυυ,
739 1094 964 1181 διατηρεῖσθαι
991 1094 1046 1179 τήν
1074 1095 1223 1182 τοιαύτην
1245 1117 1306 1181 μυ·

53 1215 96 1300 τήν
118 1212 323 1280 ἀδιάσειστόν
347 1239 379 1282 τε
403 1220 459 1281 καί
483 1214 697 1306 ἀνενόχλητον
722 1216 771 1282 ίπί
795 1240 827 1282 τε
851 1229 914 1291 τοῖς
936 1227 1089 1302 προσούσι
1113 1219 1212 1304 ταύτη
1235 1218 1307 1282 δυσί

54 1345 203 1426 μετοχίοις
231 1337 331 1428 αύτής
358 1349 422 1414 τοῖς
451 1339 668 1427 ἀνιδρυμίνοις
695 1337 744 1404 ἀπ’
771 1339 905 1427 δνόματι
933 1351 988 1429 τής
1016 1337 1221 1426 ύπερενδόξου
1245 1362 1306 1427 μου

52 1486 76 1526 τε
105 1465 309 1550 θεομήτορος
341 1463 384 1550 τῷ
412 1473 469 1550 τῆς
503 1463 689 1552 Πορταρέας
723 1464 938 1551 ἐπιλεγομένῳ
966 1468 1023 1530 καί
1058 1465 1101 1552 τῷ
1127 1475 1182 1530 τού
1213 1462 1306 1545 ἁγίου

16 1669 17 1680 ρ
51 1585 203 1654 Νικολάου
231 1587 275 1674 περ
301 1587 540 1676 ίπικειιληρόνῳ
568 1598 623 1656 ιού
646 1587 890 1674 Παλιρευπάτυο
918 1592 998 1676 μετὰ
1026 1593 1082 1652 καί
1105 1597 1161 1675 τῆς
1184 1587 1305 1656 ἀνόκα-

52 1716 98 1776 θεν
123 1721 224 1798 νομῆς
259 1709 362 1778 αὐτῶν
390 1715 446 1780 καί
474 1713 715 1800 διακρατήσεως
744 1716 801 1778 καί
827 1711 878 1781 ἐπί
904 1723 968 1788 τοις
996 1713 1116 1786 λοιποῖς
1145 1710 1306 1800 ἀκινήτοις

16 1845 17 1900 3
53 1837 168 1922 ταύτης,
205 1834 304 1922 ἤγουν
338 1834 520 1922 ἀμπελίοις,
558 1843 733 1924 χωραφίοις
766 1841 823 1904 καί
858 1835 1000 1914 ἀλλοίοις
1036 1839 1172 1910 δικαίοις
1207 1833 1305 1923 αύτής

16 1967 17 1986 ³
52 1963 119 2026 κιτόι
153 1963 213 2034 τὰς
240 1961 425 2047 περιλήψεις
459 1971 518 2025 τῶν
553 1967 734 2046 προσόντων
769 1957 849 2048 αὐτή
885 1959 1050 2050 ἐγγράφων
1080 1963 1303 2046 δικαιωμάτων

16 2063 17 2148 ί
52 2095 97 2150 τόν
133 2107 168 2150 τε
209 2082 444 2171 ἀρχιερατικῶν
484 2083 675 2172 ἀτιδοτηρίων
714 2089 908 2172 γραμμάτων
958 2096 1012 2150 τού
1051 2086 1304 2173 θεοφιλεστάτου

16 2261 17 2306 3
52 2207 212 2274 ἐπισκόπου
240 2209 463 2296 Δημητριάδος
486 2212 543 2274 καί
570 2217 625 2274 τού
648 2207 699 2274 ἐπί
727 2212 849 2282 τούτοις
877 2213 1045 2290 γεγονότος
1072 2217 1303 2295 πατριαρχιιιού

52 2329 279 2421 ύτομνήματος,
314 2337 371 2398 καί
399 2334 443 2419 μή
472 2329 627 2420 εὑρίσκειν
654 2337 741 2420 παρά
765 2353 848 2407 τινος
872 2335 924 2398 τόν
952 2336 1091 2420 τυχόντα
1117 2335 1303 2417 διασεισμύν

16 2447 17 2502 3
50 2455 140 2545 ήιήν
167 2455 356 2544 οἱανδήτινα
380 2453 514 2544 ὄχλησιν
543 2455 591 2522 ἐπ’
627 2453 743 2536 αύτυίς,
771 2453 791 2544 ἡ
820 2459 968 2542 βασιλεία
1001 2479 1073 2543 μου,
1102 2465 1157 2544 τῆς
1193 2459 1305 2540 τούτου
1377 2489 1385 2500 ·

51 2581 177 2666 δεήσεως
192 2579 414 2659 ἐπακούσασα,
440 2583 492 2646 ιύν
507 2584 650 2666 παρόντα
675 2577 804 2667 ύρισμύν
822 2577 920 2667 αὐτῆς
944 2577 1088 2666 ἐπορίγει
1110 2591 1149 2667 τῇ
1173 2583 1303 2667 τοιαύτη

53 2717 131 2793 μονή,
165 2707 208 2770 δι’
240 2701 276 2770 ού
304 2709 361 2772 καί
389 2705 559 2790 διορίζεται
587 2707 622 2769 τύ
651 2707 781 2790 στίργον
805 2704 895 2791 ἔχειν
923 2707 981 2770 καί
1004 2702 1238 2792 ἀμετάτρεπτον
1263 2707 1304 2771 τά

51 2833 192 2914 προσόντα
222 2841 262 2916 τῇ
290 2831 420 2915 τοιαύτη
450 2841 531 2918 μονή
560 2829 705 2918 ἔγγραρα
728 2830 944 2916 δικαιώματα,
973 2829 1012 2894 τά
1036 2851 1069 2892 τε
1094 2825 1302 2913 ἀρχιερατικὰ

52 2952 249 3040 δικαιωτήρια
291 2955 467 3040 γράμματα
503 2963 559 3022 τού
598 2953 801 3040 δηλωθεντυς
838 2951 1091 3040 θεοφιλεστάτου
1130 2950 1302 3018 ἐπισκόπου

16 3055 17 3104 ³
52 3074 261 3164 λημητριάδος
296 3081 352 3144 καί
386 3080 422 3142 τύ
451 3075 501 3144 ἐπί
534 3080 655 3154 τούτοις
690 3081 821 3158 γεγονός
854 3078 1086 3162 πατριαρχικόν
1119 3075 1302 3162 ύπόμνημα,

52 3196 116 3266 ύστε
137 3203 345 3286 κατέχεσθαι
366 3205 454 3287 παρὰ
475 3209 531 3288 τῆς
554 3203 702 3290 τοιαύτης
725 3211 824 3287 μονής
847 3203 887 3268 τά
902 3201 1124 3288 διαληφθέντα
1146 3201 1203 3264 δύο
1227 3201 1303 3266 ταύ-

53 3345 94 3410 της
116 3327 255 3412 μετόχια
278 3331 358 3412 μετὰ
382 3331 437 3392 καί
461 3335 516 3413 τῆς
540 3325 700 3394 ἀνέκαθεν
722 3333 823 3412 νομής
847 3321 948 3390 αὐτῶν
972 3327 1029 3393 καί
1050 3324 1302 3410 διακρατήσεως,

16 3505 17 3512 ,
52 3455 81 3514 τό
109 3473 140 3516 τε
170 3450 315 3538 ἀμπέλια
341 3455 397 3518 καί
431 3453 581 3538 χωράρια
610 3453 726 3536 ταύτης
759 3451 815 3517 καί
842 3453 881 3514 τά
908 3447 1024 3514 ἀλλοῖα
1059 3444 1156 3535 αύτής
1190 3449 1303 3517 δίκαια

16 3551 17 3558 ¹
53 3571 214 3662 ἑλετθόρως
242 3579 360 3663 πάντη,
390 3575 609 3662 ἀνενοχλήτως
638 3597 671 3638 τε
697 3573 755 3640 καί
778 3571 1030 3648 ἀναποτπάστως
1057 3575 1142 3638 κατὰ
1165 3575 1228 3648 τὰς.
1245 3593 1303 3638 ττεΡ

53 3699 176 3786 ριλήήεις
205 3701 438 3766 τῶντοιούτων
466 3699 688 3784 δικαιωμάτων
724 3694 821 3784 αύτής
849 3701 905 3762 καί
933 3697 976 3782 μή
1004 3692 1158 3782 εύρίσκειν
1185 3698 1302 3780 ταύτην

53 3830 122 3909 ττρά
153 3845 240 3898 τινος
268 3827 320 3892 τόν
354 3828 493 3911 τυχόντα
520 3823 705 3908 διαστισμύν
739 3819 760 3908 ή
788 3821 843 3906 τήν
872 3819 1055 3906 οίανδήτινα
1088 3817 1222 3905 ὄχλησιν
1250 3817 1301 3886 λαί

54 3949 170 4030 τούτοις,
208 3947 293 4014 ἀλλά
321 3949 544 4036 διατηρείσθαι
568 3945 771 4012 ἀδιάσειστόν
799 3967 832 4010 τε
860 3947 917 4009 καί
940 3941 1153 4030 ἀνενόχλητον
1180 3953 1220 4029 τή
1244 3940 1301 4027 ἀμ’

53 4079 150 4158 φανείη
176 4082 236 4160 τῆς
264 4075 426 4158 παρούσης
452 4071 652 4157 προστάξεως
679 4078 735 4155 τῆς
764 4067 928 4154 βασιλείας
957 4087 1017 4154 μου
1046 4075 1101 4152 τής
1128 4069 1187 4132 καί
1212 4063 1299 4153 ἀρει-

54 4193 152 4284 λιύτης
174 4209 339 4284 προσεῖναι
363 4207 401 4282 τη
426 4197 556 4280 τοιαύτη
578 4205 662 4279 μονή
685 4190 724 4257 δι’
749 4189 927 4280 ἀσφάλειαν
951 4195 979 4270 γ.

123 4345 229 4402 Pasini
240 4365 273 4418 ρ.
290 4341 365 4402 332..
