3190 5284
609 556 645 622 L.
662 555 895 638 6782-1274‚
912 575 1020 622 mense
1036 555 1121 638 iulio,
1139 553 1204 622 ind.
1223 555 1259 622 11.

345 719 481 790 Ιοσιιιιεε,
498 719 679 791 metropolita
694 719 843 796 Smyrnae,
860 721 1043 776 donationem
1054 721 1173 793 praedii
1188 719 1218 778 S.
1235 717 1351 790 θεωρῶ
1365 719 1522 793 confirmat.

391 904 494 986 †T6
523 903 809 994 ἐκδοτήριον
844 907 1091 996 ἔγγραφον,
1128 903 1236 993 ὅπερ
1272 904 1492 986 ἐγεγόνει
1521 915 1564 990 τῇ

300 1028 1228 1118 παρούσηβασιλικῇμονητῶνΛέμβων
1255 1032 1565 1116 παρὰτοῦμη-

301 1151 995 1240 τροπολίτουΣμύρνης,ύιςεὶς
1023 1153 1564 1240 μετόχιονπαραδοθείς

301 1271 593 1362 αύτηόναός
621 1279 1148 1363 καίτὰπροίγματατοῡ
1177 1273 1565 1360 ἀγίουΓεωργίου

300 1397 956 1486 τοῶεέςτάΣκουρβουλλσίγ.

389 1559 409 1636 †
436 1553 473 1622 ‘H
501 1553 559 1622 ύπύ
587 1559 643 1644 την
672 1555 720 1646 ύφ’
748 1555 835 1645 ἡμᾶς
864 1557 1021 1644 ἐπαρχίαν
1047 1555 1280 1643 ἀνατεθειμένη
1308 1557 1470 1642 σεβασμία
1494 1557 1565 1640 μονὴ

303 1688 359 1744 τού
395 1677 428 1742 ἐν
456 1677 560 1759 ἁγίοις
596 1680 880 1767 μεγαλομάρτυρος
908 1685 965 1746 καί
1000 1683 1229 1768 τροπαιοφόρου
1257 1679 1432 1764 Γεωργίου,
1467 1676 1487 1766 ἡ
1517 1681 1566 1743 καί

303 1803 466 1892 έγχωρίως
488 1826 555 1877 πως
575 1805 759 1892 καλουμένη
787 1807 827 1869 τὰ
851 1805 1087 1890 Σκουρβουλλά,
1111 1808 1168 1868 καί
1197 1803 1230 1868 ἐν
1253 1815 1292 1890 τη
1316 1806 1494 1886 τοποθεσίορ
1516 1811 1565 1886 της

301 1925 468 2000 Μανταίας
500 1929 687 2014 διακειμένη
716 1929 803 2017 ἔφθη
828 1932 884 2014 μέν
908 1926 1073 1993 ὑποπεσεῖν
1103 1926 1219 2013 ἀπορίη
1247 1931 1303 1991 καί
1326 1931 1500 2012 κενοτομίιρ
1525 1923 1565 1988 ότι

299 2050 414 2136 πολλῇ,
440 2047 491 2113 υἷα
513 2053 552 2115 τὰ
574 2059 628 2114 τοῦ
649 2054 774 2137 κόσμου
791 2046 893 2136 ῥᾷστα
917 2056 972 2116 καί
996 2049 1171 2128 ἀσύστατα,
1195 2047 1372 2116 κάντεῦθεν
1396 2048 1435 2116 ἐκ
1459 2051 1566 2133 ταύτης

297 2171 357 2238 καὶ
385 2172 552 2262 ἀφανισμῷ
579 2179 849 2260 περιπεπτωκέναι
877 2177 1045 2261 συμβαίνει
1072 2176 1192 2258 τελείῳ·
1221 2171 1241 2262 ἡ
1265 2175 1302 2238 δέ
1330 2195 1367 2254 γε
1396 2171 1498 2251 αἰτία,
1531 2169 1567 2242 ὡς

302 2299 377 2383 φέρε
402 2295 496 2360 εἰπεῖν
518 2294 580 2361 ἀπό
605 2307 665 2362 τῶν
689 2301 773 2363 κατὰ
801 2299 932 2383 καιρούς
961 2296 1086 2386 ἀφελῶς
1108 2302 1356 2384 προϊσταμένων,
1381 2307 1420 2383 τη
1445 2297 1566 2406 τοιαηύτη

302 2430 384 2506 μονη
419 2421 670 2506 καθυπεβλήθη·
706 2423 745 2484 τά
781 2429 911 2485 τοιαῦτα
946 2417 966 2508 ἡ
996 2425 1162 2508 μετριότης
1189 2417 1278 2508 ἡμῶν
1307 2424 1492 2506 τεθεαμένη
1518 2415 1567 2482 καὶ

301 2539 411 2616 δεινῶς
439 2541 476 2608 ἐκ
505 2545 621 2609 τούτων
650 2549 821 2632 πιεζομένη
850 2549 906 2609 καί
933 2548 1158 2632 παθαινομένη
1187 2549 1244 2610 καί
1268 2545 1306 2609 ἐκ
1331 2549 1434 2631 μέσης
1458 2539 1476 2608 ὅ
1499 2563 1567 2630 φασι

302 2669 437 2752 καρδίας
465 2673 701 2756 τιτρωσκομένη
736 2673 792 2734 καί
820 2667 1017 2758 δακνομένη,
1047 2664 1084 2733 ού
1112 2673 1169 2755 μέν
1196 2665 1251 2734 σύν
1279 2665 1319 2731 δι’
1348 2665 1459 2752 έτέραν
1488 2664 1566 2731 ἀπῶ-

303 2791 392 2856 λειαν
412 2789 469 2856 καὶ
490 2797 712 2880 στενοχωρίαν,
730 2789 802 2856 ἀλλ’
817 2791 867 2858 ἐπί
881 2795 988 2872 πλέον,
1010 2790 1053 2867 ὡς
1073 2793 1146 2866 τούς
1169 2794 1494 2877 θεοκραταιο(τοί)ους
1517 2791 1566 2852 καί

301 2915 561 3001 θεοπροβλήτους
590 2911 700 2994 ἁγίους
733 2912 822 3003 ἡμῶν
858 2911 1017 2989 αὐθέντας
1045 2920 1102 2982 καί
1130 2915 1271 3000 βασιλεῖς
1299 2912 1494 3002 ἐστερῆσθαι
1516 2913 1565 2996 την

301 3027 557 3126 ἐπωφειλομένην
587 3039 741 3126 διηνεκῶς
777 3039 821 3112 εἰς
853 3036 968 3114 αύτούς
1002 3050 1081 3105 πᾶσι
1109 3041 1337 3126 χριστωνύμοις
1366 3033 1475 3124 εύχὴν,
1510 3033 1564 3099 ἀπό

301 3162 337 3226 δέ
362 3171 418 3249 τῆς
443 3173 542 3249 μονῆς
570 3167 718 3249 ταυτησίν
742 3165 890 3228 καθόλου
919 3162 1157 3249 ἐστερημένους,
1183 3159 1267 3228 ἀλλά
1292 3163 1332 3248 δη
1356 3167 1412 3226 καί
1435 3164 1471 3224 τό
1495 3161 1564 3224 θεο-

300 3285 493 3371 κυβέρνητον
522 3288 638 3349 τούτων
674 3287 900 3371 στρατόπεδον,
929 3285 1042 3373 ἀμέλει
1070 3291 1234 3351 καὶκατὰ
1263 3289 1383 3350 σκοπόν
1407 3287 1564 3370 κρείττονα

302 3411 342 3471 τὰ
368 3411 438 3492 περὶ
465 3418 521 3494 της
549 3407 719 3496 ἀναγωγῆς
744 3420 798 3496 της
823 3420 921 3496 μονῆς
949 3412 1065 3496 ταύτης
1092 3412 1216 3496 θεμένη
1240 3405 1259 3496 ἡ
1285 3411 1450 3496 μετριότης
1472 3403 1563 3493 ἡμῶν,

301 3527 361 3595 ούκ
392 3529 580 3618 ἐφωροίσατο
611 3538 754 3618 μείζοναι
780 3532 800 3621 ἢ
825 3537 860 3598 τύ
885 3532 1060 3598 ἀποδοῦναι
1088 3535 1186 3620 ταύτῃ
1211 3531 1254 3606 ῶς
1278 3531 1323 3607 είς
1347 3536 1498 3618 μετέχων
1521 3527 1564 3592 ἐπί

301 3664 340 3739 τη
365 3653 611 3741 σεβασμιωτοίτη
640 3655 793 3744 βασιλικη
818 3667 899 3744 μονῇ
924 3665 979 3744 της
1003 3651 1178 3744 ύιτεράγνου
1207 3679 1268 3743 μου
1291 3659 1492 3743 θεομήτορος
1514 3663 1563 3738 τῆς

299 3774 381 3842 ούτω
416 3799 481 3851 πως
514 3777 753 3866 ὀνομαζομένης
787 3779 1032 3868 Λεμβιωτίσσης
1065 3785 1122 3846 καί
1155 3784 1234 3866 πρός
1269 3784 1321 3846 τόν
1355 3783 1561 3866 καθηγούμε-

297 3903 428 3965 νεύοντα
457 3903 573 3989 ταύτην
600 3905 767 3968 θειότατον
797 3901 1020 3991 ἱερομόναχον,
1055 3913 1115 3988 κύρ
1143 3904 1304 3990 Ἰωάννην,
1335 3901 1419 3968 ἀλλὰ
1446 3904 1485 3990 δη
1511 3905 1561 3965 καὶ

297 4027 376 4110 πρύς
404 4025 475 4098 τούς
504 4021 675 4114 ύπ’“αύτην
701 4025 892 4101 ὁσιωτάτους
921 4031 1126 4112 μονάζοντας·
1157 4027 1238 4106 ἐγνω
1268 4031 1329 4112 γὰρ
1356 4024 1376 4114 ἡ
1401 4030 1560 4113 μετριότης

297 4144 387 4235 ἡμῶν
410 4153 621 4235 τετυχηκέναι
645 4152 700 4236 την
725 4151 894 4236 εἰρημένην
919 4151 1016 4237 μονην
1041 4148 1073 4225 ἐξ
1096 4141 1199 4215 αὐτῶν
1222 4159 1387 4236 προκοπῆς
1411 4147 1458 4215 ύτι
1480 4150 1560 4214 πλεί-

223 4329 235 4356 ,
298 4293 376 4358 στης
404 4277 460 4337 καί
485 4273 688 4356 βελτιώσεως.
725 4273 779 4336 διά
803 4294 851 4336 τοι
879 4277 1051 4338 τοῦτοκαὶ
1079 4271 1255 4338 ἀποδίδωσι
1282 4275 1382 4360 ταότη
1411 4283 1450 4360 τη
1474 4283 1559 4359 μονῇ,

297 4393 371 4480 μεθ’
407 4393 449 4460 ὦν
483 4395 644 4462 ἀνέκαθεν
679 4396 751 4482 έχει
786 4400 990 4484 χωραφιαίων
1024 4401 1149 4474 τοπίων,
1186 4395 1395 4482 ἀμπελώνων,
1430 4393 1559 4460 ἐλαῑκῶν

293 4520 443 4606 δένδρων,
471 4521 571 4604 δρυῶν
600 4523 656 4584 καί
678 4521 794 4585 λοιπῶν
820 4519 920 4600 εἰδῶν,
946 4517 1080 4606 ὡσπερεί
1102 4523 1158 4584 καί
1180 4525 1406 4606 περιορίίεται,
1430 4518 1501 4606 ἤτοι
1523 4519 1558 4581 τὰ

295 4640 357 4706 ἀπό
384 4651 439 4728 τῆς
467 4645 629 4731 λεωφόρου
657 4640 733 4706 όδοῶ
762 4653 817 4728 της
844 4646 1051 4729 πανηγύρεως
1079 4653 1133 4708 τού
1161 4641 1253 4723 ἁγίου
1277 4643 1557 4728 μεγαλομάρτυροτ
