3140 5284
259 215 320 274 170

255 403 415 490 οἰκήματα
444 408 482 468 τά
509 404 541 468 ἐν
568 403 609 488 τῴ
633 403 748 489 Πύργιρ
777 405 830 468 σῦν
859 415 898 490 τη
923 399 1005 488 αύλγῖγ
1028 405 1084 466 καὶ
1107 413 1170 474 τοῖς
1198 402 1441 485 μαρσιοτοπίοις
1468 393 1526 460 αύ-

254 539 328 605 τῦν,
352 507 728 614 καθυλςπεριορίζονται,
750 525 807 591 καὶ
831 525 882 590 οία
905 524 962 589 καὶ
990 519 1052 590 ὅσα
1080 523 1149 602 είσί,
1174 521 1230 588 καὶ
1253 531 1350 586 ταῦτα
1374 525 1525 606 ψυχικῆς

253 649 350 718 ἕνεκα
386 655 542 737 σωτηρίας
576 659 630 715 τοῦ
666 656 840 737 μακαρίτου
876 649 998 714 ἐκείνου
1034 646 1146 734 ἀνδρός
1176 671 1244 734 μου.
1280 645 1401 710 ὲοεῖται
1433 645 1472 707 δὲ
1504 640 1524 728 ἡ

255 776 439 860 δηλωθεῖσα
468 777 627 862 σεβασμία
652 776 800 860 βασιλικὴ
826 776 904 860 μονὴ
930 772 1142 859 ἀνενύχλητος
1168 769 1229 836 ἀπὸ
1253 772 1368 844 παντὸς
1393 772 1525 854 προσύ-

253 920 314 965 που
343 895 535 983 βουλομένου
563 897 703 984 ἐνοχλεῖν
732 895 843 983 αύτήν,
879 905 1066 976 συγγενικοῦ
1095 919 1126 959 τε
1155 900 1210 960 καί
1241 892 1430 978 ἀλλοτρίου,
1468 897 1525 956 καί

254 1023 479 1108 διατηρείσθω,
504 1019 547 1094 ὥς
572 1020 701 1108 εἴρηται,
726 1026 781 1085 καί
806 1019 897 1093 ἐκτὸς
921 1022 1041 1091 δύσεως
1065 997 1239 1090 ἐπιτελείας
1263 1019 1316 1082 διά
1345 1019 1381 1082 τύ
1413 1038 1523 1100 παρα-

255 1147 394 1230 δοθῆναι
422 1152 522 1208 ταῦτα
548 1141 620 1229 παρ’
647 1140 735 1230 ἡμῶν
764 1142 838 1229 ὑπὲρ
867 1145 1067 1229 μνημοσύνοο
1096 1141 1293 1216 αὶωνίζοντος
1322 1151 1378 1206 τοῦ
1407 1138 1524 1224 ἀνδρὸς

260 1291 330 1352 μου.
346 1268 465 1358 μηδείς
489 1275 563 1346 γοῦν
587 1267 714 1354 θελήσῃ
735 1277 866 1353 ποιῆσαι
890 1265 1081 1354 ἀμφιβολίαν
1105 1277 1144 1352 τῇ
1169 1267 1329 1350 σεβασμίογ
1353 1275 1440 1350 μονῇ
1466 1275 1524 1326 τιῦν

258 1390 393 1476 Λὲμβων
421 1387 517 1454 ἕνεκα
546 1400 604 1453 τῶν
631 1390 874 1474 δεκατεσσάρων
902 1385 1079 1474 ὑπεραίρων
1108 1398 1167 1452 τῶν
1203 1386 1233 1452 ἐν
1268 1388 1432 1472 διακρίσει
1465 1398 1523 1450 τῦν

261 1525 408 1600 μοναχῦν
431 1515 590 1579 δοθέντων
613 1517 689 1600 πρῦς
716 1511 800 1600 ἡμᾶς
824 1517 917 1600 χάριν
941 1510 1088 1592 εὐλογίας
1111 1511 1167 1576 καὶ
1191 1509 1316 1598 ἀγάπης
1341 1507 1458 1588 αύτιῦν,
1483 1509 1525 1584 ὡς

261 1635 438 1702 ἐκπεσεῖται
468 1647 523 1724 τῆς
551 1641 739 1725 προφάσεως
773 1639 899 1724 ταύτης,
934 1633 977 1709 ὣς
1010 1637 1200 1722 παραλόγως
1235 1633 1523 1723 προφασιζομένου,

260 1762 393 1836 καθέξει
416 1763 450 1826 δὲ
474 1759 494 1849 ἡ
518 1743 706 1848 δηλωθεῖσα
728 1763 887 1844 σεβασμία
908 1762 987 1847 μονὴ
1011 1763 1050 1824 τὰ
1070 1763 1218 1847 χωράρια
1233 1763 1290 1824 καὶ
1313 1763 1352 1824 τὰ
1373 1757 1522 1845 ὑσπήτια,

262 1881 325 1950 ἔστ’
350 1881 387 1949 ἀν
408 1882 425 1949 6
448 1881 538 1970 ἥλιος
562 1887 598 1949 τῦ
613 1895 675 1950 πάν
700 1883 809 1971 ἐφορᾶ.
835 1884 888 1948 διὰ
904 1887 964 1968 γὰρ
989 1893 1080 1948 τοῦτο
1107 1881 1275 1966 [ἐγεγόνει]
1299 1881 1355 1948 καὶ
1379 1886 1417 1946 τύ
1442 1905 1522 1966 παρ-

261 2009 296 2072 ῦν
318 2005 470 2095 η’μὲτερον
494 2009 652 2095 ἔγγραφον
680 2008 724 2082 τίς
749 2007 934 2096 ἀσφάλειαν.
960 2011 1060 2094 μηνί
1085 2009 1341 2094 σεπτεβρίῳ
1363 2007 1444 2072 ὶνδ.
1471 2007 1520 2088 ιβ’

262 2139 339 2195 τοῦ
366 2133 496 2217 ,ςψος’
523 2131 707 2211 ἔτοοςγ.

350 2252 435 2334 †‘0
462 2255 631 2328 δοῦλος
665 2265 742 2319 τοῦ
769 2265 1001 2340 κραταιοῦ
1029 2259 1107 2319 καὶ
1135 2254 1269 2334 άγίου
1296 2251 1421 2342 ἡμῶν
1454 2249 1522 2316 αύ-

94 2399 97 2408 ·
263 2375 1520 2467 θίντουκαίβασιλέως,στβαστόςΝικηφόροςύΛω-

262 2511 434 2587 σταρᾱς
456 2505 486 2582 †.

348 2623 431 2704 †‘O
459 2626 760 2713 χαρτοφύλαξ
787 2635 864 2712 τῆς
894 2623 1159 2712 ἁγιωτάτης
1191 2625 1522 2712 μητροπόλεως

262 2747 468 2834 Σμύρνης
497 2747 731 2836 Στέφανος
760 2745 776 2812 6
805 2747 1173 2834 Κασταμονίτης
1208 2749 1253 2812 τύ
1287 2751 1433 2834 παρὸν
1462 2747 1522 2824 ἔγ-

266 2891 439 2960 γραφον
463 2881 699 2957 μαρτυρῶν
723 2868 965 2957 ὑπέγραψα
988 2869 1358 2952 γ.Είοεύοωίοῐιιιοίε;
1384 2867 1522 2935 δδευιε·

167 3063 169 3068 ,
266 2997 362 3081 ρεύων
377 2993 511 3082 Μιχαὴλ
533 2992 550 3059 6
573 2995 774 3082 Βαρυπάτης,
800 2993 815 3061 ὑ
840 3005 895 3082 τῆς
919 3005 972 3060 τοῦ
997 2992 1089 3076 ἁγίου
1104 2993 1269 3061 Νικολάου
1293 3004 1390 3082 μονῆς
1415 2995 1520 3078 καθη-

266 3121 418 3204 γούμενος
441 3117 583 3197 Παῦλος,
607 3118 795 3193 Ἰωαννίκιος
816 3117 1034 3205 ἱερομόναχος.
1063 3117 1218 3204 Γεύργιος
1243 3115 1448 3204 ἀναγνώστης
1471 3119 1520 3180 καί

267 3243 495 3330 ταβουλλάριος
518 3242 535 3308 6
557 3241 766 3328 Βωλοβῦντης
789 3245 824 3306 τῦ
839 3245 940 3328 παρῦν
957 3242 1115 3330 ἔγγραφον
1132 3245 1256 3330 γράψας
1279 3245 1335 3307 καί
1359 3251 1518 3329 μαρτυρῶν

270 3362 443 3451 ὑπέγραψα.

520 3559 627 3628 XCIV.
643 3561 871 3648 §783-1275,
888 3581 994 3626 mense
1009 3561 1127 3640 martio,
1145 3560 1210 3627 ind.
1227 3561 1277 3628 111.
1316 3569 1324 3586 ·
1450 3562 1454 3571 '

268 3697 441 3777 Νιορύρίιιε,
464 3708 553 3762 abbae
570 3711 736 3764 monasterii
755 3709 938 3780 Εινίποικπι,
966 3713 1136 3766 monasterio
1157 3709 1253 3773 Lembe'
1272 3711 1366 3766 υοπάίι
1386 3723 1516 3779 campum.

358 3857 467 3938 †T6
504 3863 760 3946 πρατήριον
798 3859 1035 3949 ἔγγραφον
1070 3869 1146 3925 τοῦ
1180 3871 1388 3949 μοναχοῦ
1422 3859 1517 3927 Νεο-

272 3983 572 4069 φύτουχάριν
596 3992 669 4048 τοῦ
693 3983 1317 4073 είςτύνΠύργονχωραφίου
1342 3983 1516 4060 αύτοῦῒ.

359 4104 468 4184 Σίγνυν
493 4115 636 4192 μοναχοῦ
658 4105 832 4196 Νεοφύτου.

310 4204 313 4212 ’
360 4235 380 4309 †
406 4228 458 4295 Ἐν
492 4227 623 4316 ὀνόματι
656 4252 687 4296 κ.
715 4253 741 4296 τ.
770 4233 798 4297 λ.
827 4230 990 4319 Νεύφυτος
1026 4233 1166 4317 μοναχός
1200 4236 1256 4295 καί
1284 4234 1519 4318 καθηγούμενος

273 4361 327 4438 τῆς
348 4353 525 4447 σεβασμίας
550 4363 648 4440 μονῆς
672 4365 726 4440 της
750 4351 926 4438 ὑπεράγνυυ
950 4357 1148 4440 θεομητορυς
1172 4365 1230 4418 τῶν
1255 4355 1410 4441 Ἦερινῦν,
1434 4350 1449 4416 6
1471 4353 1519 4414 καί

272 4472 395 4540 ἀνωθεν
423 4497 452 4540 κ.
489 4499 515 4541 τ.
544 4478 572 4542 λ.
601 4479 656 4563 τήν
683 4487 921 4562 παροῦσαν...
946 4487 1137 4560 πρᾶσιν...
1167 4489 1320 4544 ποιῦ...
1346 4479 1398 4543 διὰ
1425 4481 1456 4542 τύ
1479 4475 1515 4558 μὴ

276 4593 417 4682 εὐπορεῖν
446 4623 483 4685 με
512 4599 777 4685 ἀποπληροῦσθαι
812 4603 865 4686 τὴν
894 4611 948 4665 τοῦ
978 4600 1161 4686 ἀμπελῶνος
1193 4604 1352 4678 δουλείαν,
1378 4599 1515 4688 ἠθέλησα
