3228 5296
1341 267 1361 336 7

88 479 188 526 στειον
213 461 249 525 τό
272 447 504 548 ἐπιλεγόμενον
527 465 567 526 τὰ
590 459 796 551 Σρσύρν[ου],
825 459 901 549 όττρ
924 459 963 550 ην
986 466 1063 528 ποτὲ
1095 458 1155 528 ύπό
1178 463 1234 550 τήν
1263 465 1360 552 μόνην

86 592 142 648 τόν
162 581 392 672 Ῥσυρινιενιῦν
412 589 472 664 ,καί
494 585 649 674 κτριηλύε
673 586 713 672 τη
742 583 825 672 κύτη
852 585 937 673 μονή
963 596 1023 650 τῶν
1046 583 1178 673 Λόμβου
1200 584 1238 652 ἐκ
1257 607 1358 672 προσ·

86 705 213 784 ενέξευς
240 717 298 774 τοῦ
325 707 392 776 ἰλσύ
420 717 477 796 της
504 707 649 797 Σμύρνης
678 694 846 794 βασιλικοῦ
885 711 1085 796 βεστιαρίτου
1116 716 1215 798 κυρυύ
1252 711 1361 798 Γεωρ-

85 836 152 912 γίυο
175 835 234 898 τὀῦ
257 831 437 912 Καλοειόῦ,
462 829 715 920 ἐπικοριεύείσης
738 843 794 921 της
818 837 970 922 τοιαύτης
989 855 1012 901 π
1015 833 1203 920 ροστνύξεως
1226 837 1282 902 καί
1305 835 1359 900 διὰ

85 956 268 1040 βασιλικοῦ.
282 965 503 1044 προσκονητοῦ
532 955 675 1044 ὁρισμοῦ.
705 956 905 1065 ἐπεκτήσατο
936 957 971 1024 a&
994 955 1015 1046 ἡ
1038 959 1168 1046 τοιαύτη
1194 959 1274 1047 μονὴ
1299 967 1359 1024 τῶν

84 1081 215 1167 Δίμβσο
245 1073 291 1156 εὶς
323 1084 362 1147 τό
391 1077 470 1147 αύτό
495 1083 684 1168 προάστειον
720 1085 759 1148 τό
793 1059 983 1172 Σιρούρν[ου]
1019 1081 1052 1160 ἐξ
1082 1081 1206 1148 οέκείιυν
1243 1081 1357 1159 ἐξόῦιυν

84 1209 137 1271 καί
166 1201 372 1292 ύῦρομολικό
400 1203 582 1292 ὁλοκαιρινό
618 1204 813 1294 ἐργαστήρια
846 1209 902 1272 καί
928 1207 1123 1292 περιβόλων,
1156 1213 1357 1294 χρησιμεῦον

85 1329 125 1404 τός
146 1335 315 1417 κηταρίον
341 1333 400 1394 καί
423 1329 468 1403 τίς
490 1331 741 1420 καταφυτεύσας
768 1327 979 1420 ἐπιορόρόρυιν
1003 1331 1148 1417 δίνύρυυν·
1176 1327 1357 1418 τύρέβησαν

84 1453 114 1518 ἐν
140 1452 186 1539 τῷ
214 1454 349 1538 τοιούτῳ
383 1458 563 1540 προαστείῳ
591 1457 631 1520 τό
666 1453 856 1543 Σρούρνβου]
890 1455 1157 1542 προσκαθήμενοι
1190 1451 1358 1542 ἀμετύχοις

84 1582 138 1643 καὶ
164 1583 251 1664 τρεῖς
269 1580 421 1665 πάροικοι
445 1576 507 1644 ἀπό
531 1589 586 1644 τοῦ
610 1582 731 1665 χιυρίου
754 1585 814 1642 τιον
838 1577 1007 1665 Ποταμῶν,
1036 1579 1198 1653 τελοῦντες
1222 1575 1280 1644 ύπύ
1304 1581 1357 1644 τόν

83 1703 183 1777 λίξιον
208 1701 379 1787 βασιλικόν
402 1701 622 1788 καβαλλόριον
646 1705 698 1767 τόν
722 1701 897 1788 Σοργαρην,
927 1699 1037 1776 οἵτινες
1061 1707 1117 1767 καί
1141 1702 1358 1791 ἐπερυνήύη-

85 1847 142 1891 σαν
164 1821 247 1912 παρ’
267 1821 358 1914 ἡμῶν
383 1825 555 1913 ἐγερθῆναι
578 1824 640 1890 ἀπό
664 1835 724 1891 τον
747 1823 880 1892 ῦικαύιυν
904 1833 959 1912 της
980 1837 1080 1913 μονῆς
1107 1827 1164 1890 καί
1193 1825 1354 1907 ἀπελθεῖν,

84 1951 165 2016 ίνόοι
191 1953 252 2015 καί
287 1951 440 2042 πρότερον
466 1950 640 2038 ἐκάθηντο.
670 1949 715 2025 τίς
742 1953 778 2016 τό
806 1955 924 2037 χωρίον
952 1951 1008 2037 την
1036 1947 1201 2016 Μόνταιαν
1227 1939 1355 2035 ἀντικρύ

84 2085 141 2138 τῶν
161 2071 325 2162 ύσκητίυν
345 2079 401 2140 τοῦ
424 2073 650 2161 Θρακησ[ίοο],
673 2072 731 2139 καὶ
755 2073 880 2140 ἅνωύιν
905 2081 959 2140 τοῦ
982 2075 1216 2160 παρακειμένου
1241 2075 1354 2158 βουνοῦ

82 2203 239 2285 κέκτηται
265 2193 288 2285 ἡ
317 2199 446 2284 τοιαύτη
483 2199 562 2285 μονη
591 2207 651 2262 τῶν
679 2197 995 2284 Λόμβοομετόχιον·
1024 2201 1077 2263 τόν
1103 2175 1198 2278 ἅγιον
1227 2195 1354 2262 Παντε-

7 2385 8 2388 ,
84 2323 237 2409 λεημονα,
263 2319 531 2410 κεριτλύόναύτη
555 2320 593 2386 ἐκ
616 2323 829 2409 προσινόξειος
853 2330 907 2386 τοῦ
924 2320 969 2394 τίς
994 2323 1029 2386 τύ
1054 2323 1173 2408 χωρίον
1194 2321 1248 2408 την
1264 2319 1357 2388 Mdv·

7 2485 8 2530 ρ
83 2461 170 2511 ταιαν
212 2444 381 2519 οέκοοντος
415 2445 559 2522 Ἀλεξίου
595 2445 704 2531 ἱερέως
724 2449 786 2512 ’τοῦ
821 2441 997 2512 Τεσσαΐτου
1031 2439 1177 2512 καὶτοῦ
1211 2454 1356 2532 μοναχοῦ

82 2567 237 2657 Μαξίμου,
261 2568 514 2657 ἐκικορονόείσης
536 2577 594 2657 τῆς
617 2571 765 2657 τοιαύτης
787 2571 999 2656 προσενέξευς
1028 2573 1085 2635 καί
1102 2570 1163 2634 vn&
1186 2569 1355 2654 βασιλικοῦ

80 2699 304 2780 τροσκυνητσῦ
332 2689 476 2780 ὁρισμοῦ.
506 2693 576 2781 ἐχτι
604 2690 658 2759 σύν
682 2693 717 2758 τύ
741 2703 884 2760 τοιοῦτον
914 2696 1062 2780 μετόχιον
1092 2693 1269 2780 ἐκκλησίαν
1293 2695 1356 2757 θο-

81 2819 182 2905 λιττην
209 2817 256 2892 τίς
280 2815 384 2904 ὄνομα
413 2815 581 2906 λύρομύνην
605 2825 660 2883 τοῦ
684 2813 777 2897 ἁγίου
800 2815 1068 2904 Παντελέημονος
1090 2815 1148 2882 καί
1172 2814 1358 2903 ἔμπροσθεν

6 2911 7 2924 ¹
81 2951 134 3028 τῆς
158 2939 264 3028 αύτης
292 2939 469 3029 ἐκκλησίας
496 2943 633 3027 πρόναον
661 2936 789 3028 ὅμοιον,
817 2935 853 3006 ού
878 2939 935 3006 καί
958 2917 1082 3006 ἄνιυύτν
1110 2941 1239 3026 πύργος·
1264 2937 1361 3024 ἑτέρα·

82 3065 244 3152 ἐκκλησία
280 3071 480 3152 υυνενυμόνη
518 3075 557 3154 τη
593 3075 648 3130 τοῦ
684 3063 776 3146 ἁγίου
815 3063 1078 3152 Παντελεημονος
1116 3062 1276 3150 λκκλησία
1311 3063 1357 3137 τίς

6 3237 7 3286 3
80 3189 180 3276 όνυμα
206 3188 363 3276 ,ίόρομόνη
392 3197 450 3275 της
476 3183 649 3276 ύπεραγίας
676 3192 835 3254 ότυτόκου
862 3191 920 3254 καί
947 3190 1091 3275 γύριυύεν
1119 3197 1179 3252 τῶν
1207 3187 1356 3252 τοιούτοιν

6 3287 7 3290 ¹
80 3315 133 3380 δύο
162 3313 350 3401 ἐκκλησιῶν
378 3314 493 3379 κελλία
521 3323 581 3377 τόν
610 3323 775 3400 μοναχῶν,
799 3317 857 3378 καί
887 3311 1005 3388 ἐξιοῦτν
1033 3307 1116 3398 αύλὴ
1139 3313 1360 3401 περιπερραγ-’

6 3439 7 3454 ³
80 3443 157 3528 μένη
181 3441 240 3503 καί
264 3439 493 3526 κεριιυρισμόνη
520 3437 574 3502 όιόι
601 3443 730 3525 τείχους
752 3437 942 3516 πλινθσιτοῦ,
972 3437 1092 3512 ἐξυθεν
1115 3435 1158 3501 δὲ’
1175 3443 1231 3501 τοῦ
1255 3437 1355 3502 τοιού-

80 3583 131 3627 του
155 3565 315 3649 μετοχίου
342 3563 399 3626 καί
421 3571 477 3648 τῆς
501 3557 600 3649 αύλης
624 3563 739 3647 ῦόνόρα
762 3559 951 3649 ύπωρυρόρα
978 3558 1035 3625 καί
1059 3567 1099 3648 γῆ
1119 3556 1259 3646 ,ύτεργος
1283 3557 1353 3624 όλι-

79 3687 194 3774 γοστὴ,
230 3687 403 3772 τραχιινη·
434 3688 662 3773 προσηρμοοαν
696 3685 731 3750 ῦί
760 3687 805 3772 τῷ
831 3687 963 3771 τοιούτιρ
1000 3689 1140 3771 μετοχίιρ
1170 3693 1225 3748 τοῦ
1261 3681 1353 3764 ἁγίου

79 3811 349 3898 Παντελεημονος
377 3809 416 3874 όκ
441 3811 654 3894 πρυστνίξειυς
682 3817 772 3873 τινῶν
801 3807 937 3874 ἐποίκων
965 3815 1019 3872 τοῦ
1043 3795 1163 3894 χψίυυ
1185 3805 1354 3880 Μανταίας

78 3941 132 4001 καί
158 3933 280 4021 ῦόνῦρα
311 3932 427 3998 όλαῐκόι
454 3931 511 3998 καί
539 3937 703 4020 χιυροίρια,
731 3935 938 4020 κατεχόμενα
964 3935 1021 3997 καί
1049 3933 1267 4018 δισταζόμενα
1296 3935 1353 3995 καί

79 4059 326 4146 είαυδιαζόμκνα
350 4065 450 4122 ταῦτα
471 4060 559 4142 παρὰ
582 4062 636 4121 τοῦ
661 4059 777 4142 μόρους
800 4062 856 4122 τοῦ
880 4035 977 4122 αύτοῦ
1001 4060 1154 4142 μετσχίοο
1178 4063 1234 4120 τοῦ
1258 4051 1352 4133 ἁγίου

78 4183 344 4271 Παντελτήμονος
368 4180 417 4246 ἐπί
440 4187 567 4268 χρόνοις
590 4179 720 4259 ίκανοίς,
745 4179 846 4246 ἐκαὶ
869 4181 998 4267 ἔχουσιν
1023 4175 1132 4253 σύτιυς·
1157 4176 1202 4252 είς
1225 4179 1260 4242 τό
1284 4199 1352 4266 χυ-

6 4315 10 4406 Ι
78 4313 138 4394 μίαν
162 4307 221 4396 τὴν
247 4303 417 4374 Μάντιιιαν
441 4297 576 4392 πλησίον
599 4316 659 4370 τῶν
683 4302 841 4390 όσκητίυν
865 4313 920 4370 τοῦ
944 4303 1206 4390 Θρακησ[ίου]α
1185 4297 1351 4389 σόλοι-η

78 4437 264 4521 ρτσρισμένη
303 4433 386 4517 μετόι
419 4430 549 4494 κελλίου
582 4427 653 4504 ύνός
679 4433 736 4494 καί
771 4427 998 4515 ἐκκλησίας
984 4435 1155 4506 ασκεττοῦς,
1188 4428 1314 4515 χυρόρι
1316 4444 1352 4490 ον

78 4561 224 4640 σύνεγγυς
260 4565 323 4642 τῆς
360 4555 508 4641 τοιαύτης
543 4548 643 4640 πύλης
666 4555 912 4639 περιιορισμόνον
940 4552 994 4616 διὰ
1022 4554 1152 4639 τάρροο,
1190 4551 1266 4637 ἕχον
1295 4553 1352 4616 καί

76 4686 182 4772 όίνόρα
214 4677 344 4750 ἐλαίκᾰ
368 4671 470 4742 εἴκοσι
498 4674 597 4745 ἐννύα.
628 4675 660 4742 ἐν
685 4673 723 4763 ’τη
752 4679 928 4761 τοποθεσία
952 4685 1006 4743 τοῦ
1036 4677 1282 4764 Παρακαλοίμυο
1314 4672 1351 4737 ἐκ
