3140 5306
221 281 224 289 ·
271 259 336 321 226

360 447 489 529 †’Emi
520 447 670 524 ἐλθόντες
696 449 725 514 οἱ
760 453 898 536 μοναχοί
920 449 950 514 οἱ
978 447 1039 515 ἀπό
1068 459 1123 536 τῆς
1160 451 1337 532 σιβασρίας
1366 446 1533 530 βασιλικῆς

272 581 370 660 μονῆς
397 581 453 658 τῆς
487 571 662 658 ὁπεράηνοο
689 575 857 661 δεσποίνης
889 569 978 660 ἡμῶν
1012 575 1172 638 θεοτόκοο
1205 581 1261 659 τῆς
1291 569 1531 658 Λεμβιωτίσσης

272 701 329 761 καί
353 694 530 784 ἐμφάνισον
553 695 625 784 ἡμῖν
650 699 802 777 οιγίλλιον
823 707 878 784 τῆς
901 708 1001 782 κορᾶς
1024 701 1081 761 καὶ
1098 700 1247 782 μανίεζας
1272 717 1332 782 μοο
1355 698 1413 760 καὶ
1434 691 1532 756 ίδικόν

275 841 346 906 μοο,
364 816 412 884 ὅτι
432 819 520 893 ἐντός
542 829 598 906 τῆς
621 819 729 908 Βάρης
752 819 880 907 εἴχομεν
903 822 1065 908 χωράφιον
1089 816 1122 894 ἐξ
1145 815 1331 904 ἀηορασίας,
1355 820 1413 882 καί
1433 816 1530 879 δεδιό-

272 961 377 1028 καμεν
401 938 477 1007 αὐτὸ
506 943 550 1015 είς
579 944 633 1028 τῆν
663 943 760 1030 μονῆν
782 945 840 1030 πρὸ
869 946 990 1028 χρόνων
1012 943 1148 1024 πολλῶν,
1173 945 1229 1006 καί
1257 939 1344 1026 εἶχεν
1380 934 1458 1004 αότό
1481 943 1533 1002 καί

273 1065 412 1152 ἐνέμετο,
444 1070 489 1130 τά-
506 1077 558 1130 νῦν
583 1068 618 1131 δέ
642 1065 789 1153 ὄχλησιν
810 1063 925 1140 αότοὺς
949 1063 966 1131 ὁ
990 1065 1158 1154 ἄνθρωπός
1182 1087 1253 1152 μοο,
1277 1067 1333 1129 καί
1355 1064 1452 1129 πάλιν
1474 1065 1530 1126 θέ-

273 1190 361 1276 λημα
378 1189 455 1275 ἔχω,
478 1187 531 1254 ἵνα
545 1194 670 1276 κατέχη
695 1185 771 1255 αὐτὸ
794 1187 815 1278 ἡ
839 1192 929 1278 μονῆ,
953 1192 1067 1263 καθὼς
1083 1188 1169 1276 εἶχεν
1193 1185 1269 1254 αὐτὸ
1293 1192 1350 1252 καί
1373 1191 1530 1272 πρότερον,

274 1311 506 1400 ἀνενοχλῆτως,
534 1317 589 1376 καὶ
611 1315 652 1400 μῆ
677 1314 823 1399 τολμήσῃ
844 1301 893 1413 Ιτις
915 1323 977 1378 των
998 1309 1157 1400 ἡμετέρων
1187 1309 1238 1376 ἵνα
1263 1309 1392 1398 όχλῆση
1417 1312 1452 1374 τό
1477 1305 1530 1393 μέ-

274 1460 327 1522 ρος
351 1446 406 1523 τῆς
430 1445 527 1522 μονῆς
550 1434 646 1500 ἕνεκα
669 1445 724 1502 τοῦ
747 1440 887 1502 τοιοότοο
910 1435 1083 1524 χωραρίοο.
1113 1437 1167 1500 διὰ
1190 1438 1251 1521 γὰρ
1275 1443 1367 1498 τοῦτο
1394 1434 1532 1512 ἐγεγόνει

275 1565 332 1624 καί
355 1563 390 1625 τό
413 1564 512 1646 παρόν
534 1558 687 1648 ἡμέτερον
711 1565 842 1647 γράμμα
865 1566 921 1626 καί
946 1561 1088 1646 έπεδόθη
1113 1557 1157 1645 τῷ
1181 1565 1266 1646 μέρει
1289 1567 1346 1644 τῆς
1371 1565 1469 1644 μονῆς
1492 1555 1532 1628 εἰς

275 1683 502 1770 περισσοτέραν
521 1683 707 1771 ἀσφάλειαν.
731 1689 836 1770 μηνὶ
860 1689 1155 1772 ρεοροοαρίιρ
1177 1681 1257 1748 iva.
1282 1683 1529 1766 δεοτέραςβ.

316 1823 318 1826 ’
363 1806 442 1888 †‘0
466 1808 612 1894 Φιλῆς
635 1814 664 1888 †.

513 2000 615 2067 OXLI.
633 2003 862 2080 6788-1280,
880 2017 987 2066 mense
1002 1999 1122 2080 martio,
1139 1997 1204 2066 ind.
1222 1998 1303 2065 v111.

459 2149 597 2218 Gaeoryius
613 2149 744 2204 Οαεαὸοε
759 2151 855 2204 vendit
868 2149 1041 2204 monaatm'o
1056 2165 1187 2218 campum
1202 2150 1234 2202 τίι
1250 2145 1361 2207 Laida.

362 2297 460 2378 †T‹>
487 2303 741 2385 πρατῆριον
769 2300 1005 2386 Γεωρηίοο
1033 2297 1530 2384 τοόΚακαβᾱκαίτιῐιν

282 2422 491 2509 ἀδελφῶν
530 2417 670 2486 αὐτοῦ
709 2427 845 2509 χάριν
883 2431 960 2488 τοῦ
999 2428 1241 2512 χωραρίοο
1278 2419 1426 2488 αότων
1459 2431 1529 2486 τοῦ

277 2543 711 2634 είςτόνΛιλίδηνβ.

365 2665 462 2748 Σίγνοι
490 2667 647 2754 Γεωργίοο
671 2680 725 2735 τοῦ
749 2670 905 2756 Κακαβά,
928 2669 1104 2748 Νικολάου,
1128 2679 1183 2735 τοῦ
1207 2665 1409 2758 αόταθέλροο
1433 2665 1530 2746 αὐτοῦ,

278 2796 335 2858 καὶ
358 2790 479 2879 Καλῆς,
503 2801 559 2879 τῆς
583 2787 784 2882 αόταδέλρης
801 2791 906 2860 αὐτοῦ.
934 2813 938 2824 ·

368 2913 451 2996 βἘν
468 2913 599 3004 όνόματι
614 2938 645 2982 κ.
662 2939 688 2981 τ.
706 2915 730 2982 έ.
747 2914 838 3004 ἡμεῖς
855 2916 884 2982 οἱ
899 2915 1025 2984 ἀνωθεν
1041 2919 1096 3006 τῆν
1111 2927 1227 3004 πρᾶσιν
1240 2967 1247 2982 .
1304 2919 1466 3005 τιθέμεθα
1480 2919 1529 2980 καί

278 3048 427 3126 ποιοῦμεν
442 3041 521 3126 πρός
541 3041 594 3126 τῆν
617 3041 785 3128 βασιλικὴν
807 3041 903 3127 μονην
923 3051 983 3105 τῶν
1002 3039 1148 3128 Λέμβων,
1168 3042 1281 3113 καθὼς
1301 3041 1528 3127 δηλωθήσεται.

278 3167 335 3229 καί
356 3167 417 3248 γὰρ
438 3165 473 3227 τό
495 3166 656 3252 χωράριον
677 3159 765 3250 ἡμῶν
786 3165 821 3227 τό
842 3161 876 3226 όν
891 3169 948 3228 καί
968 3165 1168 3250 διακείμενον
1184 3163 1218 3228 ὲν
1233 3175 1271 3250 τῆ
1292 3167 1467 3247 τοποθεσίιρ
1481 3169 1529 3226 τοίι

278 3285 406 3374 Λιλίδη,
428 3289 463 3351 τό
483 3291 539 3352 καὶ
559 3288 757 3372 πλησιαστάς
779 3286 855 3373 ἕχον
877 3284 938 3351 ἀπὸ
957 3290 1012 3372 μέν
1034 3284 1191 3373 ἀνατολῆς
1206 3290 1368 3376 χωράριον
1385 3296 1439 3352 τοτ’)
1454 3285 1529 3352 Koo-

280 3411 350 3488 τλά,
380 3409 441 3475 ἀπὸ
469 3411 504 3473 δέ
533 3411 651 3483 δόσεως
678 3413 842 3500 χωράριον
865 3419 919 3475 τοτ’)
943 3409 1088 3475 Πελάτοο
1115 3416 1172 3476 καί
1199 3407 1260 3476 ἀπό
1286 3409 1404 3497 ἀρκτοο
1430 3411 1528 3498 χωμά-

282 3553 353 3622 ριον
374 3541 428 3597 τοῦ
450 3531 630 3618 Τριαλώνοο
645 3531 778 3621 Μιχαῆλ
797 3537 853 3600 καί
873 3531 934 3599 ἀπό
957 3535 1156 3622 μεσημβρίας
1175 3540 1339 3625 χωράριον
1359 3544 1414 3601 τοῦ
1433 3534 1530 3600 Καλο-

283 3657 498 3742 στεράνοο...
519 3659 576 3720 καί
595 3657 697 3734 λόγων
719 3659 911 3742 κινηθέντων
931 3663 1002 3743 περί
1022 3667 1076 3722 τοῦ
1098 3662 1274 3746 τιμήματος
1294 3653 1397 3724 αιἰτων
1413 3655 1529 3743 ὕστερον

280 3783 528 3865 περιεστησαμεν
558 3774 641 3864 αὐτῷ
668 3777 705 3842 έκ
734 3787 914 3867 σομρωνίας
941 3785 996 3845 καί
1024 3777 1194 3867 ἀρεσκείας
1222 3792 1283 3847 των
1308 3780 1465 3870 ἡμετέρων
1491 3777 1529 3850 είς

282 3900 453 3990 όπέρπορον
474 3903 517 3982 έν,
541 3899 616 3988 ὅπερ
633 3905 688 3964 καί
709 3902 858 3986 λαβόντες
876 3953 882 3967 .
899 3953 906 3968 .
925 3954 932 3970 .
949 3909 1004 3968 καί
1020 3905 1149 3977 τελείως
1172 3901 1342 3981 ἐκστάντες
1364 3917 1420 3996 τῆς
1441 3902 1526 3969 αὐτοῦ

282 4027 480 4113 διακατοχῆς
504 4030 560 4090 καί
587 4034 687 4112 νομῆς
710 4021 945 4111 έκχωροόμεθά
972 4049 1023 4091 σοι
1046 4025 1260 4114 ἐπιλαβέσθαι
1289 4025 1385 4096 αὐτοῦ
1407 4051 1437 4094 κ.
1460 4051 1483 4091 τ.
1504 4023 1525 4088 ἑ.

285 4147 372 4224 ὅστις
384 4149 420 4213 δέ
438 4149 470 4225 ἐξ
485 4146 572 4236 ἡμῶν
586 4150 733 4235 βοοληθῆ
750 4143 824 4232 ὑπὲρ
841 4146 1020 4236 ἀνατροπῆς
1032 4151 1174 4237 λαλῆσαι
1189 4148 1322 4233 εόλόηοο
1334 4152 1354 4241 ῆ
1368 4153 1526 4228 ἀνεολόηοο

283 4324 290 4340 .
306 4325 312 4339 .
328 4275 469 4346 .οόσεως
485 4276 657 4357 προοτίμοο
674 4268 916 4356 ὑποκεισόμεθα
930 4275 1006 4356 πρὸς
1022 4276 1057 4337 τὸ
1075 4277 1239 4356 βασιλικόν
1257 4280 1431 4363 βεστιάριον
1448 4273 1526 4356 ὑπέρ·

282 4395 487 4482 ποραλίτραν
511 4399 594 4480 μίαν.
620 4395 1028 4480 μηνὶμαρτίιρίνδ.
1055 4387 1525 4487 η’τοόςψπηέτοοςβ.

370 4517 545 4605 Μάρτορες·
584 4517 747 4592 Νικόλαος
782 4515 798 4583 ό
836 4517 1048 4606 Μαηγούρης,
1087 4520 1231 4609 Ἰωάννης
1269 4523 1285 4590 ό
1323 4521 1526 4610 Περγαμηνός,

282 4639 437 4726 Γεώρηιος
461 4639 478 4703 ό
502 4638 696 4725 Τριαλώνης.
