3190 5284
1298 259 1411 364 ον’

71 481 267 562 Ἀθανάσιον,
297 490 357 550 καί
381 488 438 551 διὰ
468 497 524 552 σού
553 493 630 575 πρός
666 493 700 554 τό
730 487 788 554 ἀπό
819 494 854 554 σέ
879 488 962 554 ἅπαν
993 495 1087 574 μέρος
1112 501 1166 576 τῆς
1191 493 1338 578 τοιαύτης

71 616 172 691 μονῆς,
198 611 314 682 καθιδς
338 611 581 697 δηλωθήσεται.
606 616 662 676 καί
691 615 752 698 γὰρ
781 615 861 676 θεοῦ
891 613 1054 698 βουλήσει,
1081 613 1148 678 έπεί
1172 611 1338 700 ἀπτκάρην

70 733 118 802 ιάς
140 735 254 818 τρίχας
278 740 336 818 τῆς
359 735 507 821 κεφαλῆς
530 739 615 800 κατὰ
640 736 802 822 μοναχούς
825 739 882 800 καί
897 734 1021 820 ἐθέμην
1046 739 1154 821 ζήσειν
1174 741 1230 802 καί
1255 734 1338 801 ἀπο-

70 855 169 917 θανεῖν
195 853 241 928 είς
265 857 394 941 ταύτην,
418 863 682 944 προσηνέγκαμεν
707 856 737 922 οἱ
761 856 934 945 ἀμφότεροι
961 860 1039 944 πρός
1067 859 1122 944 τήν
1152 856 1248 944 αύτήν
1277 881 1338 944 μο-

68 977 116 1060 νήν
137 980 178 1040 τά
203 975 411 1064 δποιυδήτινα
435 990 570 1058 ’φονικοῖς
593 977 682 1067 ἡμῶν
707 977 920 1059 ύποστατικά,
951 979 1000 1044 οία
1032 979 1089 1044 καὶ
1118 978 1180 1046 δσα
1209 981 1270 1046 εἰσί
1298 985 1338 1048 τά

69 1096 97 1162 έν
118 1109 156 1184 τῆ
178 1098 341 1184 Μανταίφ,
366 1102 483 1185 δένδρα
506 1125 540 1166 τε
563 1107 620 1168 καί
644 1106 802 1192 χωράφιοι,
828 1104 883 1170 σύν
907 1103 949 1190 τῷ
972 1104 1153 1191 διαφέροντι
1178 1100 1271 1170 ύδατι
1293 1103 1339 1190 τῷ

69 1222 176 1306 δικαίῳ
206 1233 268 1288 τῶν
295 1222 472 1310 Πλανητιῖν
499 1229 638 1290 καὶτῶν
663 1223 844 1312 Μεθρωνύιν
868 1225 943 1292 ἀνευ
967 1237 1027 1290 τῶν
1052 1225 1083 1302 ἐξ
1106 1225 1253 1313 ἀρνήσεως
1280 1231 1338 1294 καί

70 1343 184 1429 ἀγοραῖς
212 1347 449 1432 περιελθόντων
478 1369 532 1433 μοι
560 1345 592 1424 ἐξ
626 1343 729 1412 αύτίῖιν
757 1359 817 1413 των
846 1355 1017 1436 χωραφίων
1046 1359 1105 1416 τῶν
1134 1348 1335 1435 Στραῖαλιῖιν,

69 1479 122 1530 τῶν
146 1467 179 1531 έν
204 1480 246 1554 τῆ
270 1467 397 1555 Σμύρνη
422 1465 639 1536 ύποστατικύν
664 1473 743 1554 μετὰ
766 1481 822 1536 τοῦ
847 1469 1022 1556 ἀνήκοντος
1052 1468 1154 1538 αύτων
1183 1474 1339 1558 τελισμά-

8 1607 9 1654 ι
68 1613 120 1654 τιιν
144 1587 330 1678 ύπερπύριιν
353 1602 446 1677 τριῶν
471 1594 754 1678 σομβιβασθέντων
776 1590 865 1680 ἡμων
895 1598 975 1681 φημί
1005 1594 1060 1660 σύν
1087 1597 1179 1660 παντί
1205 1593 1247 1679 τῷ
1279 1599 1337 1680 μέ-

67 1737 108 1798 ρει
124 1724 181 1800 τῆς
206 1723 318 1800 μονῆς,
334 1719 487 1800 κατέχειν
511 1719 624 1781 τεκαὶ
648 1717 813 1788 δεσπόζειν
837 1714 899 1780 ἀπὸ
923 1727 983 1781 των
1007 1717 1156 1780 τοιούτων
1180 1714 1337 1804 ἀκινήτων

66 1838 115 1920 τήν
151 1841 211 1922 μέν
241 1837 342 1924 μονήν
370 1841 411 1902 τὰ
439 1835 565 1902 ἅπαντα
588 1835 700 1924 ήμισυ,
731 1842 783 1903 τόν
807 1841 842 1904 δέ
879 1834 1080 1926 αύτάδελφόν
1108 1861 1178 1924 μου,
1203 1843 1256 1904 τόν
1280 1847 1340 1926 κύρ

64 1959 246 2040 Βασίλειον,
272 1964 330 2024 καί
357 1961 414 2046 τήν
443 1965 566 2046 μητέρα
591 1983 651 2046 μου
672 1965 711 2026 τά
739 1960 837 2047 έτερα
859 1959 960 2048 ήμισα
985 1966 1080 2048 μέχρι
1103 1966 1235 2047 καὶτῆς
1259 1958 1338 2047 ὅλης

65 2079 161 2148 αὐτῶν
191 2085 305 2168 βιοτῆς
333 2087 390 2148 καί
417 2085 517 2148 τελεῖν
543 2086 621 2170 πρός
648 2085 704 2170 τήν
733 2087 831 2170 μονήν
859 2088 912 2150 τόν
937 2083 1098 2172 ἀνήκοντα
1122 2083 1337 2169 έπιτελεσμδν,
1456 2151 1472 2170 ἱ

65 2205 138 2269 ύτε
175 2201 383 2294 αύτάδελφός
413 2227 473 2290 μου
500 2210 556 2270 καί
582 2203 603 2294 ἡ
628 2211 732 2293 μήτηρ
756 2229 817 2292 μοο
852 2205 1075 2294 ἀνεπαυξήτως
1103 2209 1137 2272 τδ
1171 2204 1205 2270 έν
1240 2203 1337 2292 ήμισο

5 2357 7 2434 φ
64 2325 245 2414 ύεέρπορον,
269 2333 325 2394 καί
341 2330 594 2416 δεφενδτύτσθαι
609 2333 665 2394 καί
680 2333 891 2419 φρουρεῖσθαι
906 2335 993 2416 παρὰ
1009 2339 1065 2416 τῆς
1081 2339 1180 2416 μονῆς
1196 2328 1259 2394 ἀπὸ
1276 2339 1336 2394 των

5 2441 7 2488 λ
65 2449 286 2538 ἐπερχομένων
310 2449 559 2537 δποιωνδήτινων
580 2453 770 2516 σκανδάλων
786 2449 1001 2538 ὑποκειμένων
1025 2451 1174 2526 ὡσαύτως
1197 2456 1254 2516 καί
1277 2461 1338 2516 τῶν

4 2561 7 2684 j
65 2575 181 2640 ἀτελῶν
206 2577 268 2640 καί
292 2572 452 2660 ἀνηλίκων
474 2576 594 2639 παίδων
617 2579 857 2662 φρουρουμένων
880 2580 936 2640 καί
958 2577 1075 2640 τούτων
1099 2578 1155 2640 καί
1178 2578 1337 2662 τηρουμέ·

4 2687 5 2728 ³
63 2721 117 2762 ιιιν
141 2697 208 2764 ἀπὸ
234 2698 361 2782 βλάβης
384 2718 418 2761 τε
433 2695 584 2770 παντοίας
607 2702 664 2762 καί
687 2696 855 2784 ὀχλήσεως
871 2699 1075 2783 δημοσιακῆς
1099 2721 1132 2762 τε
1156 2702 1212 2762 καί
1236 2695 1338 2784 ἄλλης

63 2831 112 2907 τῆς
142 2817 367 2907 ἐπερχομένης
395 2815 527 2896 αύτούς,
556 2817 626 2884 ἀλλ’
656 2818 728 2885 υύτι
751 2822 838 2906 παρὰ
862 2828 917 2886 τού
946 2825 1060 2906 μέρους
1082 2829 1138 2906 τῆς
1163 2795 1261 2906 μονῆς
1285 2813 1338 2884 τύ-

63 2949 193 3030 ρήσοοσι
223 2946 356 3030 ζήτησιν
384 2943 454 3006 τινὰ
476 2940 496 3030 ή
519 2947 690 3028 παροικίας
716 2943 816 3029 νομήν
848 2941 869 3030 ή
898 2946 1126 3029 συγκρότησιν,
1154 2941 1275 3014 καθιδς.
1296 2943 1336 3006 τά

4 3147 5 3160 φ
63 3066 228 3156 ἀμφότερα
253 3071 335 3152 μέρη
360 3065 658 3152 έξησφαλισοίμεθα.
683 3067 798 3131 τούτων
827 3061 926 3138 ούτως
947 3067 1086 3152 έχόντων
1114 3068 1170 3128 καί
1197 3066 1335 3149 νεμομέ-

4 3163 5 3186 ¹
61 3211 115 3254 ναν
150 3189 219 3254 ἀνά
255 3192 351 3272 μέρος
382 3185 520 3252 ἕκαστον
549 3189 605 3273 τήν
634 3189 748 3273 μερίδα
775 3183 894 3265 αὐτῶν,
923 3185 940 3252 ό
965 3191 1021 3274 μέν
1050 3184 1249 3272 αύτιίδελφός
1274 3207 1335 3272 μου

61 3317 111 3376 καί
132 3310 155 3400 ἡ
180 3315 293 3398 μήτηρ
316 3333 377 3395 μου
399 3307 452 3374 ἵνα
474 3315 639 3396 κατέχωσι
663 3315 719 3375 καί
742 3311 921 3384 δεσπόζωσι
944 3319 1044 3378 ταῦτα
1073 3314 1167 3395 μέχρι
1194 3313 1251 3374 καί
1279 3318 1335 3396 τῆς

61 3432 133 3522 δλης
157 3431 269 3500 αάτιῖιν
292 3434 411 3518 βιοτῆς,
436 3435 516 3518 μετὰ
540 3433 575 3498 δέ
599 3435 652 3498 τόν
676 3434 819 3498 θάνατον
835 3435 952 3498 τούτων
974 3431 1013 3498 ἵν’
1038 3430 1256 3519 έπανέρχηται
1278 3435 1335 3498 καί

58 3559 147 3623 πόλιν
174 3559 259 3642 πρὸς
287 3557 344 3641 τήν
369 3555 468 3640 μονήν
491 3560 547 3620 καί
570 3552 590 3642 ή
615 3557 731 3620 τούτων
757 3561 860 3640 μερίς,
889 3555 973 3640 εἴπερ
997 3556 1105 3629 καλῶς
1129 3556 1334 3634 διιθύνονται,

4 3727 5 3782 η
59 3679 337 3766 ἀφεεαιροομένων
372 3689 433 3743 των
459 3679 581 3744 παίδων
610 3677 672 3744 ἀπὸ
702 3689 762 3742 τῶν
791 3679 941 3744 τοιούτων
973 3682 1166 3764 πραγμάτων
1202 3677 1247 3752 εἰς
1281 3680 1335 3742 τόν

62 3800 182 3868 ἅπαντα
208 3801 324 3868 αἰῶνα.
349 3799 539 3886 ύπετυπιύθη
564 3823 619 3886 μοι
642 3809 717 3881 γοῦν
740 3805 827 3886 παρὰ
850 3809 905 3866 τού
925 3803 1176 3887 καθηγουμένου
1199 3805 1334 3886 καὶτῆς

63 3937 153 4012 μονῆς
179 3925 274 4011 ἔχειν
304 3945 343 4010 με
369 3927 522 3988 παντοίαν
557 3921 740 4009 οἰκονομίαν
770 3927 827 3988 καί
854 3925 909 4009 τήν
938 3923 1131 4009 ένδυμασίαν
1158 3921 1201 3995 ὥς
1225 3924 1281 3986 καί
1302 3919 1334 3986 οἱ

63 4049 100 4134 τῷ
120 4048 194 4134 θεῷ
216 4057 276 4134 τῆς
301 4056 402 4134 μονῆς
426 4045 648 4131 ἱερατεύοντες.
672 4048 805 4132 νέμηται
825 4046 861 4110 δέ
884 4049 941 4110 καί
969 4043 987 4112 δ
1014 4045 1242 4131 Καλαμπάκης
1271 4041 1334 4108 ἀπό

64 4180 112 4258 τῆς
146 4171 283 4258 μερίδος
313 4176 369 4234 τοῦ
400 4169 524 4252 μέλιτος
552 4170 587 4234 τό
617 4172 775 4254 τέταρτον,
803 4164 881 4232 ὅθεν
909 4171 966 4232 καί
993 4165 1036 4242 ὣς
1068 4169 1335 4254 προσενεγκόντες

65 4297 259 4360 τὰτοιαῦτα
285 4288 380 4379 ἡμεῖς
413 4301 451 4376 τῆ
476 4301 568 4377 μονῆ,
600 4288 722 4377 δφείλει
756 4299 856 4354 ταῦτα
882 4289 1097 4372 ἐπιλαβέσθαι
1132 4286 1336 4366 ἀπεντιύθεν,

66 4413 96 4480 ού
120 4422 217 4502 μόνον
242 4424 301 4502 τῆς
326 4416 516 4486 δεσποτείας
540 4413 665 4487 τούτων,
691 4410 775 4478 ἀλλά
798 4417 855 4478 καί
878 4421 933 4497 τῆς
963 4421 1061 4497 νομῆς
1089 4415 1145 4476 καί
1173 4418 1228 4496 τῆς
1258 4411 1340 4496 χρή-

68 4561 146 4618 σεως,
171 4539 231 4604 καὶ
256 4537 321 4604 ἀπό
346 4557 385 4616 γε
410 4543 465 4600 τού
488 4543 541 4600 νύν
563 4536 737 4610 καθίξεται
768 4543 867 4600 ταῦτα
892 4535 1098 4612 δεσποτικῶς,
1132 4533 1264 4620 ἔχοντες
1292 4529 1341 4598 ἐπ’

69 4657 169 4736 ἀδείας
192 4664 362 4747 ἀνεγεῖραι
388 4656 550 4742 οἰκήματα
574 4655 616 4728 έν.
630 4651 735 4730 αὐτοῖς
758 4659 844 4722 κατὰ
866 4659 902 4722 τό
927 4657 1099 4742 βουλητέον
1122 4653 1204 4743 ήμῖν,
1233 4657 1338 4728 θείοις

1076 4768 1092 4818 5
1110 4759 1127 4798 U
