3140 5306
576 422 679 492 oux.
698 423 774 490 Sine
789 443 883 503 anno,
899 441 1006 489 ιιιειιεε
1021 421 1107 498 ίοίίο,
1124 417 1188 488 ind.
1206 414 1260 488 lv.

512 571 675 644 Imperator
689 573 860 628 mona-sterio
876 572 964 628 donat
981 571 1139 642 quindecim
1153 571 1324 642 hyporpyra.

376 721 602 808 †⁰Etepov
625 729 902 810 προσταγμα
925 725 1000 788 διὰ
1025 733 1106 788 τῶν
1134 723 1392 786 δεκαπέντε
1421 683 1544 804 άπερ·

290 850 435 932 πύρων
459 857 540 910 τῶν
566 845 649 911 ἀπὸ
673 851 1156 934 τηςπερισσείαςτιῖιν
1181 855 1257 932 τῆς
1283 852 1544 930 μονηςκτη-

290 971 1143 1058 μάτωνκαίπαραδοθὲντοινπάλαιγ.

377 1100 398 1176 †
425 1095 530 1161 Οίκεῖε
557 1106 596 1181 τῇ
625 1095 771 1180 βασιλεία
799 1117 874 1180 μου,
902 1092 1028 1180 Ἰωάννη
1053 1092 1244 1179 Συρὸπουλε.
1272 1087 1291 1178 ἠ
1317 1089 1466 1174 βασιλεία
1490 1107 1545 1174 μου

289 1221 458 1306 διορίζεταί
486 1242 551 1296 σοι,
581 1215 624 1290 ὡς
647 1215 684 1282 ἂν
710 1216 771 1283 ἀπὸ
796 1227 851 1305 της
873 1222 1055 1304 περισσείας
1079 1227 1138 1283 τῶν
1163 1212 1342 1301 δπερπιίρων
1371 1221 1430 1299 τῆς
1459 1207 1545 1296 εὑρε-

290 1347 405 1429 θείσης
429 1341 489 1407 ἀπὸ
514 1351 569 1428 τῆς
594 1339 782 1430 ἀπογραφῆς
805 1364 864 1406 σου
887 1339 934 1414 είς
956 1343 996 1405 τά
1025 1343 1175 1428 κτήματα
1196 1348 1266 1425 τῆς,
1280 1335 1461 1422 σεβασμίας
1489 1357 1545 1420 μο-

290 1475 346 1554 νῆς
372 1475 433 1530 τῶν
458 1464 593 1550 Λίμβων
621 1465 821 1552 παραδώσεις
854 1466 932 1550 πρὸς
960 1465 1014 1551 τήν
1049 1461 1145 1550 αὐτὴν
1175 1463 1272 1550 μονην
1307 1465 1346 1526 τά
1375 1463 1544 1524 δεκαπέντε

291 1586 465 1677 δπὲρπορα,
494 1594 533 1655 τὰ
562 1591 597 1654 δὲ
626 1589 774 1653 ἐπίλοιπα
804 1587 1018 1675 οὶκονομησης
1046 1588 1208 1652 τελεῖσθαι
1234 1589 1321 1672 παρὰ
1347 1593 1403 1670 τῆς
1432 1583 1545 1667 διαλη-

289 1716 426 1801 ρδείσης
442 1723 539 1800 μονῆς
563 1712 607 1787 εὶς
624 1715 659 1778 τά
683 1721 738 1798 τῆς
756 1712 921 1796 βασιλείας
938 1733 996 1796 μου
1014 1713 1198 1798 βεστιάριον.
1215 1713 1347 1795 ποίησον
1368 1703 1435 1784 οὖν,
1460 1709 1542 1769 καδ-

289 1842 331 1911 υίς
355 1860 407 1904 σοι
428 1835 448 1926 ἡ
473 1839 623 1922 βασιλεία
648 1805 707 1922 μου
735 1837 920 1922 διορίζεται,
949 1833 1151 1920 ἀντίστρεψον
1179 1833 1215 1897 δὲ
1240 1835 1299 1898 καί
1326 1833 1378 1894 τὸν
1405 1833 1545 1916 παρόντα

288 1960 419 2049 ὁρισμὸν
449 1970 505 2048 τῆς
532 1959 696 2044 βασιλείας
732 1981 792 2045 μου
819 1971 858 2046 τῇ
894 1957 1160 2044 ἀναγεγραμμίνη
1191 1967 1270 2043 μονη
1299 1964 1354 2042 τῆς
1382 1953 1545 2037 βασιλείας

289 2107 348 2172 μου
371 2086 409 2149 διΙ
436 2081 612 2172 ἀσφάλειαν
635 2086 665 2164 †.

374 2207 609 2295 ῒΕἶχετά·
633 2205 1024 2294 μηνίίοολίηιίνδ.
1049 2207 1076 2270 δ’
1102 2201 1152 2270 δι’
1179 2205 1386 2290 ίρυθριῐιν
1411 2178 1546 2285 γραμ-

289 2332 1312 2418 μάτωντῆςβασιλικῆςκαίθείαςχειράςγ.

562 2557 650 2628 CLX.
668 2559 743 2626 Sine
760 2579 852 2636 εοοο,
869 2579 975 2625 mense
990 2557 1089 2630 iunio,
1104 2553 1170 2623 ind.
1187 2555 1267 2622 xlv,

641 2707 806 2780 Imperator
821 2717 914 2763 ιιιειιιι·
929 2709 997 2762 iura
1012 2707 1186 2765 οιοιιασίενίί.

374 2855 606 2944 ’ςἝτερον
634 2861 911 2944 πρόσταγμα
938 2859 1015 2922 διὰ
1043 2859 1121 2931 τάς
1149 2855 1344 2930 ἀδικίας
1371 2857 1452 2920 καί
1479 2853 1544 2917 δο-

287 2987 520 3059 ναστείας,
548 2981 597 3055 άς
625 2979 753 3068 εἶχεν
780 2977 800 3068 ἡ
831 2981 942 3067 μονή
968 2979 1052 3046 ἀπὸ
1081 2991 1163 3046 τῶν
1191 2982 1437 3066 κτημάτων
1470 2982 1543 3040 τοί

289 3107 494 3193 μεγάλου
527 3107 845 3191 δροογγαρίου
878 3113 953 3169 τοῦ
987 3103 1175 3188 Γαβαλᾶ
1210 3106 1287 3167 καί
1322 3112 1403 3168 τῶν
1439 3099 1543 3184 Ταρ-

290 3239 553 3317 χανειωεῶν
575 3231 605 3308 †.

376 3352 523 3434 γΟίκεῐε
550 3361 589 3437 τη
618 3351 764 3434 βασιλεία
792 3372 866 3436 μου,
895 3349 969 3424 δοδί
996 3357 1050 3412 τοῦ
1079 3345 1223 3434 δέματος
1258 3357 1317 3412 τῶν
1345 3347 1543 3432 Θρακησίοιν,

291 3485 350 3562 κῦρ
371 3475 507 3561 Γεοίργιε
530 3474 819 3560 Καμμυτζυβοίκη·
844 3475 878 3537 τά
903 3475 998 3558 μέρος
1028 3481 1083 3559 τῆς
1105 3475 1191 3536 κατὰ
1214 3473 1250 3534 τδ
1276 3469 1447 3558 Νύμραιον
1475 3469 1544 3532 δια-

289 3601 436 3684 κειμένης
461 3599 636 3683 σεβασμίας
660 3604 757 3682 μονῆς
780 3604 836 3682 τῆς
859 3596 1023 3679 βασιλείας
1047 3616 1107 3680 μου
1131 3603 1190 3658 τῶν
1212 3592 1349 3678 Λίμβοιν
1373 3590 1544 3676 ὲπικεκλη·

290 3721 388 3809 μάνης
417 3718 546 3810 ἀνέφερε
574 3731 611 3808 τῇ
637 3720 785 3804 βασιλεία
808 3741 884 3804 μου,
911 3715 953 3790 ὡς
975 3719 1024 3782 διό
1048 3716 1109 3782 εἰσι
1132 3720 1171 3782 τὰ
1194 3719 1343 3804 κτήματα
1366 3724 1421 3804 της
1448 3723 1545 3802 μονῆς

289 3846 424 3932 πλησίον
452 3855 511 3909 τῶν
544 3847 712 3931 κτημάτων
741 3851 796 3906 τοῦ
823 3843 1045 3926 πανσεβάστου
1080 3841 1221 3926 μεγάλου
1249 3840 1463 3926 δρουγγαρίοο
1493 3845 1545 3904 τοῦ

289 3969 475 4034 δεοσώστου
499 3969 612 4033 στόλου
635 3976 690 4054 της
714 3966 879 4050 βασιλείας
905 3987 973 4050 μου,
998 3971 1052 4028 τοί
1075 3962 1226 4048 Γαβαλᾱ,
1250 3965 1306 4028 καί
1328 3973 1388 4027 τῶν
1410 3959 1545 4049 Ταρχα-

290 4101 438 4170 νειοιτῶν,
467 4088 661 4178 εὑρίσκουσιν
686 4085 744 4154 οὐκ
768 4085 878 4176 δλίγην
908 4086 1034 4153 ἀδικίαν
1060 4087 1093 4163 ke
1116 4082 1227 4152 αὐτῶν.
1257 4085 1461 4174 εἰσέρχονται
1489 4091 1546 4170 γὰρ

292 4212 458 4304 ἆμετίχυις
492 4214 549 4280 καὶ
582 4213 656 4280 ἄνευ
690 4211 840 4298 εἰδησευς
867 4220 927 4275 τῶν
963 4219 1120 4298 μοναχῶν,
1156 4214 1211 4273 καί
1241 4215 1480 4294 κατασπίρουσι
1510 4212 1547 4272 τὰ

292 4340 407 4402 τούτων
434 4341 582 4424 χωράφια
605 4335 649 4410 εἰς
678 4338 713 4400 τό
742 4336 864 4400 διδόναι
891 4335 992 4420 δῆθεν
1020 4335 1100 4418 πρὸς
1128 4334 1200 4406 τοὺς
1229 4331 1392 4419 μοναχοίις
1421 4333 1546 4418 μορτὴν,

292 4465 348 4526 καί
376 4459 550 4545 ἁρπάζουσι
579 4462 618 4525 τὰ
641 4456 719 4544 ἅπερ
748 4457 874 4544 ἔχουσιν
898 4453 984 4522 οὗτοι
1011 4457 1065 4520 διά
1089 4479 1121 4520 τε
1146 4457 1385 4542 χρυσοβούλλου
1409 4463 1464 4541 τῆς
1490 4458 1548 4540 βα-

294 4585 414 4658 σιλείας
450 4605 509 4668 μου
543 4587 598 4648 καί
634 4579 857 4669 ἆπογραφικῶν
897 4579 1197 4647 ἁποκαταστάυευν.
1233 4585 1288 4645 καί
1324 4577 1447 4666 ἐδεήθη
1481 4581 1549 4662 περί
