3168 5274
293 267 358 333 318

216 477 219 484 '
292 466 403 547 γορίαν
438 471 498 526 τῦν
522 457 555 524 ὲν
580 471 617 548 τη
654 463 785 548 τοιαύτη
810 473 891 550 μονη
928 460 1134 549 ἀσκουμένων
1158 465 1321 548 γιράντων.
1359 464 1464 546 μηνί
1497 461 1557 525 ία-

291 591 493 672 νουαρίιρ
521 583 604 650 ίνδ.
634 587 675 672 η’.
706 583 741 652 Ὁ
765 585 937 660 δοῦλος
961 595 1038 652 τοῦ
1062 595 1295 672 κραταιοῦ
1323 588 1401 650 καί
1424 582 1558 664 ἀγίοο

290 706 412 797 ἡμῶν
441 703 676 774 αύύέντυυ
703 705 1558 797 καίβασιλέως,ἈνδρύνικοςὸΚαν-

291 835 596 920 τακουῑηνύς.

378 954 452 1024 Ὅτι
480 965 555 1038 γοῦν
583 959 872 1060 προικομίσύησαν
899 954 973 1046 ἡμῖν
1001 962 1090 1046 παρά
1114 967 1168 1026 τοῦ
1191 959 1428 1048 διαληφθέντος
1451 981 1559 1044 τιμιω-

290 1085 387 1146 τάτου
414 1081 665 1168 καθηγουμένου
694 1089 854 1168 μοναχυῦ,
883 1090 981 1169 κυρυῦ
1011 1081 1152 1158 Παύλου,
1180 1086 1221 1148 τὰ
1246 1085 1406 1170 προσόντα
1429 1091 1469 1170 τη
1493 1079 1560 1148 κατ’

290 1201 385 1270 αύτύν
413 1217 494 1294 μονῇ
523 1206 743 1292 δικαιώματα,
777 1210 833 1272 καί
863 1207 931 1274 έπιί
957 1208 1131 1294 διέγνωμεν
1155 1204 1217 1273 ἀπὸ
1252 1209 1385 1286 τούτων,
1420 1209 1463 1294 μη
1489 1207 1558 1271 δια·

290 1334 395 1418 ρέριιν
419 1339 458 1417 τη
482 1324 552 1394 κατ’
578 1323 672 1394 αύτύν
709 1341 790 1418 μονη
829 1331 902 1405 τούς
932 1329 987 1405 ούς
1014 1335 1110 1418 μέχρι
1138 1339 1193 1396 τοῦ
1221 1339 1273 1396 νῦν
1302 1328 1434 1440 λνέμιτη
1460 1327 1559 1396 ἅπαν-

290 1475 347 1526 τας
369 1457 553 1539 παροίκους,
577 1451 770 1520 ἀπιντεῦύιν
791 1448 851 1519 ούκ
875 1451 1001 1534 ὀλίγους
1029 1465 1089 1520 τιῦν
1117 1456 1160 1541 τῷ
1182 1455 1327 1541 δημοσίω
1354 1459 1557 1540 πρυσικυριί-

291 1596 406 1662 σαμτν,
445 1581 731 1666 καταγραψάμινοι
773 1579 903 1650 τούτους
941 1575 973 1642 ἐν
1012 1588 1076 1652 τοίς
1113 1578 1325 1666 δημοσιακσίς
1362 1587 1558 1662 πρακτικοῖς,

291 1703 372 1786 μύνα
415 1703 454 1766 τὰ
477 1704 655 1800 ’,προσόντα
693 1697 774 1788 αῦτη
817 1704 991 1786 προάστεια
1029 1725 1063 1768 τι
1100 1701 1157 1767 καὶ
1195 1703 1292 1768 λοιπὰ
1331 1699 1469 1788 ἀκίνητα
1507 1705 1560 1764 καί

290 1825 362 1900 τούς
390 1823 445 1899 ούς
474 1824 614 1892 ἔκπαλαι
642 1824 709 1912 εἶχε
737 1829 909 1911 παροίκους
942 1824 1094 1900 ἐάσαντας
1118 1827 1205 1914 ἔχειν
1229 1822 1326 1912 αύτήν
1343 1825 1397 1910 Ιιύς
1421 1823 1561 1912 ἀκριβῶς

291 1953 345 2014 καί
370 1947 603 2036 ἀναντιρρήτως
637 1950 820 2028 διαγνόντες
844 1945 940 2035 αὐτην
969 1950 1179 2016 δικαιοῦσθαι
1214 1951 1266 2016 ὲπί
1301 1971 1334 2013 τι
1362 1962 1427 2022 τοίς
1457 1949 1561 2035 δηλω-

290 2076 486 2160 ύησομένοις
508 2077 687 2158 παροίκοις,
711 2083 776 2146 τοίς
804 2077 1005 2157 προαστείοις
1028 2072 1085 2137 καὶ
1108 2073 1228 2140 λοιποῖς
1258 2071 1432 2160 ἀκινήτοις,
1456 2075 1481 2138 ἀ
1506 2071 1562 2136 ιὶσί

291 2207 401 2262 ταῦτα·
445 2195 514 2262 εἶτα
556 2195 627 2284 ἑξῆς
669 2199 710 2261 τὰ
755 2201 893 2283 μττύχια
930 2201 987 2262 καί
1026 2201 1106 2282 μετὰ
1145 2207 1245 2264 ταῦτα
1286 2198 1421 2272 καθίξαι
1459 2204 1561 2261 τοίνυν

286 2318 306 2408 ἡ
332 2322 462 2407 τοιαύτη
491 2323 571 2408 μονὴ
601 2322 657 2386 σύν
680 2326 773 2386 παντί
797 2323 839 2406 τιρ
866 2325 952 2408 μέριι
982 2317 1080 2407 αὐτῆς
1104 2322 1177 2396 τούς
1203 2315 1362 2408 ῥηθέντας
1385 2326 1560 2406 παροίκους

287 2447 326 2508 τὰ
357 2443 507 2532 ἀκίνητοι,
542 2446 621 2530 πρὸς
644 2445 680 2510 δέ
703 2449 760 2510 καί
788 2449 845 2518 τάς
881 2449 1009 2519 στάσιις
1034 2442 1181 2531 ἀνωτέρω
1208 2446 1325 2517 παντὸς
1353 2444 1559 2530 δημοσιακοῦ

289 2569 406 2653 βάρους
429 2573 485 2634 καί
508 2570 617 2644 τέλους
643 2571 684 2657 μὴ
714 2574 799 2635 κατά
823 2593 852 2634 τι
875 2569 1115 2657 ὲπηρεαίομένη
1140 2571 1175 2635 τύ
1200 2569 1331 2636 σύνολον
1354 2567 1375 2655 ἢ
1400 2567 1558 2654 ἐνοχλου-

288 2690 367 2779 μένη
392 2697 479 2779 παρσί
503 2715 595 2771 τινος,
622 2691 692 2759 ἀλλ’
717 2689 791 2758 οὐδὲ
816 2695 963 2779 ἐννομίου
980 2693 1069 2760 δύσιν
1091 2691 1112 2781 ἢ
1136 2692 1420 2781 κτραλαιογράρου
1444 2689 1466 2780 ἢ
1492 2691 1560 2758 ἐτέ-

287 2837 343 2902 ρου
371 2819 453 2891 τινος
478 2817 656 2906 κεφαλαίου
680 2817 881 2884 ύποπεσείται
906 2813 985 2905 αύτη
1009 2839 1042 2882 τι
1065 2816 1086 2905 ἢ
1117 2815 1146 2884 οἱ
1169 2821 1319 2904 πάροικοι
1342 2811 1452 2903 αὐτῆς,
1479 2819 1560 2904 μδνα

286 2941 321 3005 δὲ
351 2937 451 3007 ἐοιῐτε
480 2943 748 3029 καταβαλλομένη
773 2945 851 3029 πρὸς
873 2943 909 3006 τύ
932 2941 1088 3029 δημόσιον
1115 2945 1209 3028 χάριν
1236 2942 1393 3028 δημοσίου
1419 2943 1560 3012 κανύνος

285 3068 341 3130 καί
364 3062 440 3152 ύπίρ
463 3070 585 3134 πάντων
609 3069 665 3130 καί
689 3067 743 3130 διὰ
766 3069 890 3130 πάντων
915 3062 1077 3150 ύπέρπυρα
1100 3067 1140 3129 τά
1163 3069 1248 3132 κατὰ
1271 3067 1379 3152 χάραν
1403 3063 1559 3130 ἀπαιτού-

287 3209 367 3273 μενα
395 3189 465 3269 δύο,
502 3193 541 3254 τὰ
564 3194 620 3254 καί
643 3187 675 3253 δν
699 3189 747 3276 τῷ·
769 3195 844 3274 παρ’
871 3185 960 3276 ἡμῶν
989 3185 1155 3254 έκττθέντι
1182 3187 1346 3276 πρακτικῷ
1372 3185 1558 3274 λγκείμτνα.

286 3315 381 3399 χάριν
409 3312 445 3376 δὲ
474 3325 534 3377 τιῦν
563 3311 780 3380 ἀνατιύιισῦν
809 3323 848 3400 τη
873 3315 1005 3400 τοιαύτη
1030 3325 1112 3401 μυνη
1135 3319 1298 3399 τισσάρων
1325 3311 1558 3399 ίξιιλλημίνων

287 3437 429 3500 στάσεων
455 3433 487 3500 ἐν
511 3447 550 3523 τη
574 3435 680 3524 ὲνορία
703 3448 758 3526 της
782 3435 936 3524 Λαρύμου
959 3435 1080 3526 δριίλιι
1100 3437 1224 3502 διδύναι
1244 3436 1377 3523 ἐτησίαις
1400 3440 1483 3522 πρὸς
1509 3439 1560 3502 τύν

287 3559 441 3644 δημόσιον
465 3563 605 3646 νόμισμα
628 3559 673 3626 έν.
698 3559 748 3626 ἐπί
771 3564 883 3626 τούτου
906 3565 967 3647 γάρ
990 3566 1047 3628 καί
1071 3563 1106 3626 τά
1133 3563 1236 3646 παρύν
1260 3555 1431 3648 ὑπόμνημα
1462 3563 1560 3646 συνή-

287 3685 356 3755 θως
390 3685 547 3748 πιστωύὲν
584 3682 725 3771 ἐπεδόθη
762 3681 852 3772 αύιη.
891 3689 999 3770 μηνί
1036 3689 1349 3772 ριυρουαρίιρ,
1387 3683 1474 3752 λνδ.
1518 3687 1559 3771 η’,

286 3805 625 3894 έτουςςχπγγ.

374 3929 730 4021 ῒἯύπογραρή·
760 3927 1557 4019 Ὁδοῦλοςτυῦάγίυομσυαύθὲν-

286 4077 361 4120 τοο
397 4066 474 4122 τοῦ
502 4057 833 4140 πανσεβάστου
869 4057 1104 4142 σεβασποῦ
1139 4059 1311 4128 δουκύς
1341 4061 1420 4120 καὶ
1451 4055 1558 4122 ἀνα-

287 4179 1238 4268 γραρέωςΜυλάοσηςκαίίύελανουδίου,
1264 4180 1558 4264 Ἀνδρονίκου

287 4313 364 4368 τοῦ
391 4303 804 4393 Καντακουίηνοῦ,
833 4303 1045 4391 Ἰωάννης
1073 4301 1090 4370 ὁ
1119 4305 1451 4390 Χρύσανδοςβ.
1479 4303 1559 4388 Εἶχε

285 4433 341 4492 καί
369 4425 601 4516 ἀπηυρημένην
630 4429 813 4516 μολιβδίνην
844 4430 982 4513 βοῦλλαν
1019 4429 1159 4517 ἔχουσαν
1188 4427 1220 4494 ἰν
1246 4432 1301 4515 μὲν
1331 4427 1373 4512 τῷ
1398 4424 1444 4491 ἐνί
1471 4433 1562 4514 μέρει

287 4555 341 4638 την
370 4547 540 4638 ύπεραγίαν
569 4553 724 4617 ύεοτύκυν
750 4556 867 4642 βρέφος
892 4561 1088 4638 κρατοῦσαν,
1120 4551 1152 4617 ἐν
1177 4553 1211 4617 δὲ
1243 4553 1285 4638 τῷ
1314 4549 1419 4636 ἑτέρη·
1451 4549 1561 4616 Ἰωάν-

285 4697 340 4761 νης
366 4677 563 4760 Χρύσανύος.
