3190 5284
1265 254 1324 318 111

61 443 315 530 Παντελτήμονος
340 441 467 508 ἀνωθεν
492 443 694 531 διακείμενα,
731 443 783 510 οία
806 449 863 510 καί
891 442 953 512 ὅσα
976 443 1048 524 τίσί,
1084 448 1164 531 μετά
1187 449 1244 510 καί
1266 455 1326 512 τῶν

61 567 189 630 ίκπαλαι
219 567 434 653 διαφερόντων
461 567 561 653 ταύτη
589 577 629 654 τῇ
654 579 735 654 μονῇ
762 567 864 654 δρυῶν
887 566 944 634 καί
967 577 1027 634 τῶν
1051 571 1162 633 νεωστί
1184 589 1326 654 προσκυ-

60 692 215 776 ροθίντων
245 693 303 754 καί
332 700 393 756 τῶν
424 687 628 776 ἀλλοτρύπως
653 694 933 778 προσενεχθέντων
963 690 1100 758 ἀλλοίων
1123 696 1327 778 πραγμάτων,

59 815 225 898 καθώσπερ
247 811 483 899 ἀριδηλοτίρως
505 817 693 900 παρίστησιν
717 813 735 880 δ
757 817 834 900 πρὸς
859 809 974 888 αύτούς
997 817 1136 896 γεγονὼς
1166 799 1327 902 ἔγγραφος

59 939 168 1023 χάρτης
197 946 261 1000 τῶν
291 939 544 1023 κτητορτυύντων
572 947 611 1024 τῇ
635 938 766 1024 τοιαύτη
803 949 885 1024 μονῇ
910 941 991 1024 μετὰ
1014 941 1071 1004 καὶ
1104 948 1163 1002 τῶν
1189 935 1248 1004 ύπύ
1272 942 1326 1005 τὸν

59 1061 133 1123 θεῖον
167 1063 299 1124 τοοτονί
333 1061 410 1124 ναόν
449 1057 734 1147 ίμπεριειλημένων
770 1061 886 1145 βίβλων
913 1065 971 1126 καὶ
1003 1059 1093 1148 ἱερῶν
1128 1057 1242 1126 ύπυίων
1267 1065 1324 1126 καὶ

60 1179 152 1246 ίντον·
177 1179 348 1286 δφείλουσι
377 1184 412 1246 δὲ
436 1179 453 1248 ὅ
478 1205 511 1246 τε
536 1187 723 1269 τιμιώτατος
751 1186 1000 1278 καθηγφύμενος
1023 1187 1079 1249 καί
1103 1183 1133 1251 οἱ
1157 1181 1205 1250 ὑπ’
1230 1182 1325 1251 αὐτὸν

59 1304 219 1371 ύσιῶτατοι
249 1301 390 1392 μοναχοί
420 1309 604 1392 κεκτῆσθαι
640 1305 689 1372 ἐπὶ
718 1305 817 1394 ταύτῃ
846 1319 885 1394 τη
915 1319 996 1394 μονῇ
1025 1305 1235 1394 ἱερομύναχον
1267 1307 1325 1374 θνα

60 1431 308 1510 Ξινππύσπαστον,
333 1428 376 1504 ὡς
400 1428 437 1494 ἀν
462 1427 673 1505 ἀδιαλείπτως
694 1435 750 1496 καί
773 1433 928 1519 διηνεκῶς
951 1441 1007 1520 τῆς
1030 1434 1257 1519 προσηκούσης
1281 1431 1323 1518 τῴ

59 1551 143 1639 αὐτῆς
170 1557 259 1640 θείιρ
287 1557 411 1640 τεμύνει
445 1555 636 1641 ψαλμιρδίας
664 1558 721 1618 καί
752 1552 949 1641 λυχνοκαΐας
977 1566 1179 1641 περιποιῆται
1206 1559 1263 1620 καί
1294 1555 1326 1620 ἀν

59 1689 114 1749 ταῖς
140 1675 298 1751 ἑωθινοῖς
325 1681 382 1742 καί
410 1675 586 1762 ἐσπεριναῖς
614 1673 711 1742 αύτοῦ
740 1675 916 1758 ἁγιστείαις
946 1681 1001 1742 καί
1028 1679 1151 1751 λοιπαῖς
1181 1679 1326 1764 λειτουρ-

60 1806 130 1878 γίαις
157 1797 380 1888 ύπερεύχηται
412 1797 596 1888 ὁλοσχερῶς
624 1809 685 1864 τῶν
713 1801 962 1888 θεοπροβλητων
996 1805 1052 1866 καί
1087 1796 1326 1888 ούρανοφρύνων

60 1922 143 2002 ἁγίων
171 1921 269 2011 ἡμῶν
298 1920 460 1990 αὐθεντῶν
488 1927 545 1990 καί
573 1920 815 2010 αὐτοκρατόρων
843 1927 899 1989 καί
926 1933 980 1990 τοῦ
1004 1927 1244 2012 θεοφρουρήτου
1268 1921 1326 1988 αύ-

61 2058 109 2112 τιῖν
135 2049 379 2133 στρατεύματος
410 2048 612 2134 ποιούμενον,
647 2045 690 2120 ἁς
714 2046 816 2124 εὶκύς,
846 2051 955 2130 μνείαν
978 2050 1034 2111 καί
1059 2044 1134 2133 ύπὲρ
1157 2057 1213 2134 τῆς
1235 2043 1324 2134 ἡμῶν

61 2176 260 2259 μετριότητος
283 2174 340 2235 καί
362 2172 479 2244 παντὸς
502 2179 557 2236 τοῦ
580 2171 799 2258 χρισπωνύμου
822 2170 1049 2256 πληρώματος,
1079 2169 1172 2264 ἔνθεν
1197 2193 1246 2235 τοι
1269 2174 1326 2235 καί

61 2293 111 2382 υύχ
135 2295 204 2371 ἕξει
237 2292 350 2368 ἁδείας
378 2317 423 2367 τις
448 2295 692 2382 παρενοχλήσαι
714 2292 733 2381 ἢ
758 2295 993 2379 παρτμποδίοαι
1015 2291 1035 2381 ἦ
1059 2299 1117 2360 καί
1141 2291 1174 2367 ἐς
1198 2290 1328 2380 ύστερύν

60 2440 123 2484 ποτε
150 2419 347 2504 θορυβῶσαι
369 2421 426 2484 καί
449 2415 656 2505 ἀναχαιτίσαι
679 2417 753 2490 τούς
781 2416 965 2504 είρημίνους
990 2417 1164 2504 μοναχούς,
1187 2415 1240 2482 ἵνα
1264 2420 1329 2504 μή·

12 2603 13 2628 φ
61 2563 113 2615 τας
144 2541 163 2607 ύ
192 2543 364 2626 πειραθείς
398 2538 437 2606 δι’
466 2537 568 2628 ὄχλου
595 2549 727 2628 ποιῆσαι
755 2541 828 2614 τούς
857 2543 1032 2619 τοιούτους,
1067 2536 1175 2614 δποῐος
1205 2537 1244 2604 ἀν
1270 2543 1328 2604 καί

61 2665 123 2744 εἶεν,
150 2666 197 2752 τῷ
227 2669 316 2750 παρὰ
343 2673 399 2730 τοῦ
426 2668 507 2731 θεοῦ
536 2663 666 2754 ἀφύκτῳ
695 2662 911 2752 κατακρίματι
939 2663 1154 2751 ἐπισπάσηται
1180 2668 1237 2730 καί
1259 2675 1326 2738 ταῖς

62 2787 139 2872 ἀραῖς
166 2801 233 2854 τῶν
268 2794 459 2873 τριακοσίων
486 2789 653 2855 δεκαοκτῶ
682 2791 848 2875 θεοφύρων
871 2792 1013 2874 πατέρων
1053 2798 1114 2854 τῶν
1142 2787 1175 2852 ἐν
1202 2787 1326 2872 Νικαίορ

62 2909 230 2986 ύτεύθυνος
258 2917 383 2992 γίνοιτο
412 2913 468 2978 σύν
496 2911 538 2996 τῷ
567 2908 712 2999 ἡμετὲριρ
741 2909 908 3001 ἀφορισμιρ
934 2915 990 2977 καί
1013 2923 1052 2998 τῇ
1075 2915 1210 2998 κατάρα·
1236 2909 1266 2976 οἱ
1289 2913 1325 2976 δε

62 3057 90 3114 γε
120 3034 196 3122 μεθ’
225 3032 313 3124 ἡμᾶς
338 3033 509 3116 ἁγιώτατοι
544 3033 703 3122 ἀρχιερεῖς
731 3034 761 3100 οἱ
783 3039 839 3100 καί
861 3037 913 3100 τόν
941 3038 1031 3100 θεῖον
1059 3038 1181 3099 τουτονί
1208 3037 1325 3119 θρόνον

60 3159 273 3245 διαδεξάμενοι
300 3159 356 3246 τὴν
378 3167 543 3245 παροῦσαν
571 3159 757 3245 σιγιλλιῶδη
782 3160 905 3247 γραφὴν
929 3169 984 3246 τῆς
1007 3153 1096 3243 ἡμῶν
1121 3160 1324 3243 μετριότητος

61 3281 235 3370 ἐντυχόντες
272 3280 471 3370 ἀκρὰδαντον
507 3283 755 3368 διατηρείτωσαν
789 3280 846 3346 καὶ
882 3279 1154 3366 ἁπαρασάλευτυν,
1190 3279 1233 3354 ῶς
1268 3281 1324 3367 τὴν

60 3409 144 3492 μονὴν
160 3406 335 3493 ἐνορῶντες
352 3405 397 3480 τίς
421 3411 552 3491 μείζονα
567 3407 730 3492 προκοπὴν
754 3409 811 3470 καί
834 3403 975 3470 δτίῦοσιν
999 3408 1055 3468 καί
1071 3400 1201 3491 αὔξησιν
1218 3403 1325 3490 κρείτ-

61 3551 124 3594 τινα
137 3528 501 3618 προβιβασθησομύνην,
524 3530 562 3617 ἣν
585 3529 643 3596 καί
665 3533 701 3596 τύ
721 3533 837 3610 πάγιον
860 3533 917 3594 καί
941 3529 1189 3616 άπερικλύνητυν
1214 3527 1324 3593 ἀπικο-

12 3717 13 3720 ,
61 3659 253 3737 μισάτιισαν,
277 3651 362 3728 ὅπως
385 3652 423 3720 ἁν
446 3659 503 3720 καί
526 3657 566 3718 τά
588 3659 661 3740 παρ’
679 3652 808 3718 ἐκείνων
824 3651 1017 3739 ἐκδιδύμτνα
1041 3656 1096 3718 καί
1119 3655 1271 3738 γινόμενα
1288 3655 1324 3716 τὸ

12 3823 13 3862 γ
62 3783 182 3862 στέργον
202 3782 259 3844 καί
283 3775 431 3864 ἐνεργοῦν
446 3779 619 3864 λήψωνται
645 3776 672 3842 τί
689 3781 749 3863 γάρ
773 3787 899 3864 φανεῖεν
923 3775 953 3840 οἱ
969 3784 1108 3842 τοιοῦτοι
1132 3775 1323 3848 ἀθετοῦντες

12 3907 13 3910 ’
62 3899 243 3988 τύῂρὲτερα
264 3905 401 3976 πάντως,
417 3897 465 3966 ύτι
489 3905 545 3968 καί
568 3905 608 3966 τὰ
632 3899 760 3966 ἐκείνων
776 3894 889 3986 ἕτεροι.
914 3898 964 3966 ἐπί
987 3901 1086 3982 τούτῳ
1103 3903 1160 3964 καί
1183 3902 1243 3983 γὰρ
1268 3899 1323 3984 τὴν

62 4035 211 4109 παροῦσαν
240 4025 428 4112 σιγιλλιῶδη
465 4025 587 4113 γραφὴν
616 4023 790 4110 ἐπιθέμενοι
824 4027 880 4088 καί
905 4027 1116 4111 πεποιηκότες
1144 4025 1238 4107 χάριν
1267 4029 1324 4106 τῆς
1443 4012 1446 4016 ’

63 4146 252 4236 διειλημύνης
281 4158 381 4235 μονῆς
408 4157 463 4214 τοῦ
492 4147 584 4228 ἁγίου
613 4149 895 4234 μεγαλομὰρτυρος
929 4147 953 4212 Γ
956 4151 1091 4232 εωργίου
1119 4153 1175 4210 τοῦ
1203 4145 1248 4218 είς
1282 4145 1323 4208 τὰ

63 4267 278 4357 Σκοορβουλλιῖ
312 4276 368 4337 καί
393 4275 518 4338 πάντων
545 4281 605 4336 τῶν
638 4275 820 4356 προσόντων
854 4267 936 4358 αὐτῇ
970 4271 1181 4356 πραγμάτων,
1216 4263 1322 4352 ῶσπερ

65 4388 160 4458 ἀνίειν
188 4394 481 4482 ἀδηλοποιήσαμεν,
509 4391 606 4481 ἥνπερ
633 4399 690 4460 καί
719 4395 930 4480 λδεδῶκειμεν
958 4405 997 4480 τῇ
1021 4393 1242 4478 διαληφθείση
1267 4411 1322 4454 σε·

66 4515 260 4604 βασμιωτάτη
285 4521 434 4606 βασιλικη
459 4529 539 4605 μονῇ
563 4527 619 4604 τῆς
643 4515 819 4604 ύπεράγνου
840 4539 900 4604 μου
925 4519 1127 4602 θεομήτορος
1151 4521 1207 4600 τῆς
1230 4512 1322 4598 Λεμ·

67 4637 211 4727 βαείσσης
235 4642 278 4706 δι’
302 4641 420 4708 οίκείαν
449 4639 626 4730 ἀσφάλειαν
649 4645 706 4706 καί
730 4639 941 4729 ἀναφαίρετον
969 4641 1158 4705 δεσποτείαν
1182 4640 1239 4702 καί
1261 4655 1321 4702 κυ-
