3168 5274
271 299 335 361 342

779 487 830 554 VI.
850 487 924 556 Sine
943 471 1033 554 enne.

272 638 405 710 nepote
416 637 540 693 Ioanme
554 634 709 691 comnenus
722 635 913 707 Ραίααοίομιιε
928 637 1021 691 reddit
1032 635 1203 690 monasterio
1217 631 1433 687 Μαοκίπίίίευαε
1447 633 1532 684 vicem

476 759 659 830 Capramam
674 760 816 832 donatque
831 763 856 814 τι·
872 760 1044 832 emphasin
1060 759 1125 814 lacu
1141 757 1171 817 S.
1188 757 1334 828 Stephani.

316 893 718 980 Ἀργυρόβουλλον
754 903 831 959 τοῦ
858 895 1090 958 δεσπότου
1118 901 1260 979 κυρυό
1292 891 1493 957 Ιιυάννου

271 1015 518 1103 Κομνηνοῡ
546 1027 622 1081 τοό
650 1015 999 1097 Παλαιολόγυυ,
1028 1025 1105 1082 τοῦ
1134 1013 1434 1101 αόταδόλρυυ
1462 1021 1532 1077 που

539 1135 1267 1227 αότοδθεοστεφοῡςβασιλίυις.

515 1294 639 1364 Initium
656 1295 754 1376 deest,
772 1304 862 1384 perte
877 1295 1040 1386 superiore
1055 1296 1122 1363 folii
1139 1296 1293 1364 ebeeieee

362 1473 946 1550 ...ι-....είαςόιξί
977 1519 1534 1540 ...........

273 1599 329 1660 καί
350 1607 517 1683 προσοχῆς
541 1601 579 1662 τὰ
604 1601 713 1685 σάθρα
736 1601 825 1682 τῶ[ν]
844 1649 850 1664 .
868 1648 901 1666 ..
926 1601 1074 1684 πτόρθον
1092 1599 1301 1688 καρρολυγιῐιν
1325 1601 1381 1660 καί
1404 1597 1536 1679 π[αρα]-
1574 1693 1575 1696 ¹

272 1723 436 1794 σκευάζειν
460 1723 588 1796 τοότυυς
612 1721 657 1795 είς
679 1724 839 1806 πλείο[να]
864 1725 920 1810 την
943 1721 1083 1788 ἐπίδοσιν
1107 1721 1456 1807 παρεκτείνεσθαι...
1480 1719 1535 1803 μή·

271 1865 337 1918 πως
364 1853 420 1930 τῆς
449 1847 650 1950 οαθρότητος
677 1846 888 1932 διαδοθείσης
916 1845 960 1920 είς
985 1847 1038 1932 την
1063 1845 1196 1910 ἐνοῦσαν
1225 1845 1347 1917 τούτοις
1370 1845 1463 1931 ρόσιν
1485 1843 1536 1924 τὴν
1574 1823 1575 1826 “

275 1967 405 2053 ἔνικμυν
428 1971 484 2031 καί
508 1970 607 2054 ταότη
631 1969 716 2054 λύμη
751 2013 1535 2036 ...............

274 2141 732 2158 .........
778 2095 1536 2158 θενΜΗ...

276 2260 668 2281 ........
717 2216 980 2302 ςπλείστης,όι.
1027 2266 1034 2282 .
1083 2269 1089 2281 .
1137 2268 1144 2280 .
1191 2213 1408 2301 νὲπιμελείας
1432 2237 1465 2278 τε
1487 2217 1539 2276 καί

275 2345 331 2422 τῆς
354 2347 517 2425 προσοχῆς
543 2335 617 2404 ὅσον
641 2339 727 2412 εἰκός
744 2349 800 2426 τῆς
824 2343 1027 2426 σαθρότητος
1052 2349 1158 2406 ..ότυ
1182 2343 1477 2425 καθαρειεόυαντες
1499 2337 1540 2410 τίς
1574 2353 1575 2360 ’

274 2463 406 2526 πλείονα
434 2463 488 2548 την
524 2460 664 2526 ἐπίδοσιν
692 2467 979 2550 παραυκευάσομεν
1012 2467 1284 2550 παρεκτείνεσθαι
1319 2462 1365 2536 οἷς
1393 2465 1540 2548 τυγχάνει

276 2595 381 2664 τοῦτο,
405 2582 453 2649 ότι
477 2587 626 2672 θεοφιλὲς
650 2591 706 2651 καί
741 2589 917 2673 θεάρεστον
941 2591 1085 2660 καὶτοῖς
1120 2587 1164 2660 είς
1193 2597 1285 2652 τοῦτο
1318 2585 1540 2672 ἐξηρτημένοις

276 2710 463 2794 σεβασμίυις
487 2705 620 2794 ἀνδράσι
642 2709 722 2774 πολδ
746 2714 955 2796 κεκτημένοις
979 2713 1014 2774 τό
1039 2719 1094 2796 της
1119 2708 1232 2797 ἀρετῆς
1261 2708 1464 2794 ἀναβάσιμυν
1490 2711 1542 2771 καί

275 2837 363 2918 παρὰ
396 2841 487 2896 τοῦτο
522 2831 565 2918 τῴ
587 2832 655 2917 θεῷ
677 2834 918 2921 πλησιάζουσιν,
955 2832 1002 2906 οίς
1026 2835 1094 2917 βίος
1117 2831 1137 2922 ἡ
1161 2838 1231 2920 περί
1265 2836 1347 2900 θεοῦ
1382 2829 1540 2921 φαντασία
1574 2847 1575 2850 ’

277 2959 333 3022 καί
357 2959 392 3021 τό
416 2965 471 3042 τῆς
499 2959 638 3042 θεωρίας
663 2953 782 3044 ὑψηλόν
805 2960 861 3020 καί
885 2961 1042 3043 μετέωρον
1066 2961 1122 3022 καί
1146 2960 1181 3021 τό
1210 2959 1252 3044 μη
1275 2957 1541 3042 προσκολλᾶσθαι
1574 2969 1575 2972 ’

277 3081 332 3145 διὰ
366 3089 426 3167 τῆς
452 3081 593 3166 πράξεως
628 3091 692 3154 τοῖς
725 3091 894 3166 κοσμικυίς
930 3083 1119 3166 τυρβασμοῖς
1151 3085 1302 3146 τουτοισὶν
1338 3079 1457 3146 οίκεῑυν
1491 3081 1543 3144 καί

278 3202 507 3288 ἀναταόσιμον·
535 3203 562 3268 εὶ
590 3207 650 3290 γάρ
674 3203 707 3268 ἔν
732 3225 789 3268 τινι
823 3215 884 3268 τῶν
906 3209 1107 3291 προσκαίρυν
1130 3215 1290 3290 κοπιῶμεν
1313 3209 1369 3268 καί
1391 3207 1540 3292 νηρομεν,

279 3325 312 3403 ἔξ
340 3323 376 3392 οό
412 3321 503 3392 οὐδὲν
536 3323 625 3414 ἡμῶν
659 3325 815 3406 ἐγγίνεται
850 3324 965 3415 ὄφελος
993 3327 1038 3402 είς
1067 3329 1184 3415 ψυχὴν,
1220 3324 1295 3392 ὅσον
1325 3325 1439 3414 ἀνήκει
1472 3324 1541 3413 ἡμῖν
1574 3299 1575 3312 ¹

282 3449 392 3534 ἐκείνῳ
416 3461 530 3514 κοπιᾶν
555 3455 609 3514 καί
644 3455 728 3515 κατὰ
752 3453 804 3514 τόν
830 3449 956 3515 εἰπόντα
991 3456 1083 3538 χερσί
1110 3455 1165 3515 καὶ
1187 3455 1321 3537 κόμαισι
1354 3457 1412 3516 καί
1439 3452 1542 3516 ποδιόν

283 3574 375 3658 βάσει
409 3571 633 3660 ἐγρηγορέναι,
668 3576 709 3637 δι’
738 3570 774 3638 οό
804 3572 1049 3660 ἀπυταμιεόεται
1071 3579 1127 3639 καί
1155 3573 1171 3640 ό
1196 3577 1314 3661 μισθός
1339 3573 1371 3639 ἐν
1400 3569 1541 3660 υόρανυῖς

279 3697 528 3769 πολλαπλάσιος.
559 3695 628 3761 ἀλλ’
659 3696 702 3770 τίς
729 3697 758 3761 τὶ
787 3707 886 3762 ταῦτα
913 3697 955 3782 τῷ
984 3701 1114 3784 παρόντι
1140 3703 1294 3784 προοιμίῳ
1321 3699 1541 3784 πρυκατεβλη-

280 3825 399 3908 θησαν,
416 3823 529 3907 προίιόν
546 3819 563 3886 ό
580 3822 675 3901 λόγος
692 3821 829 3908 δηλώσει
845 3832 908 3894 τοῖς
925 3819 1052 3909 ἀρεξῆς.
1075 3818 1096 3908 ἡ
1113 3826 1198 3888 κατὰ
1218 3825 1253 3886 τό
1277 3819 1350 3908 όρος
1373 3832 1429 3887 τυό
1446 3823 1541 3907 Δρόγ·

281 3965 340 4026 γου
356 3947 390 4009 τό
407 3943 438 4010 ὲν
455 3957 493 4031 τη
507 3943 702 4030 Δημητριάδι
718 3945 906 4030 διακειμένη
922 3946 1082 4030 σεβασμία
1099 3946 1179 4031 μυνή
1196 3949 1252 4011 καὶ
1269 3945 1314 4018 είς
1331 3942 1434 4032 ὄνομα
1450 3967 1540 4031 τιμο-

284 4073 363 4156 μίνη
387 4077 444 4154 τῆς
467 4064 642 4154 όπεράγνυυ
667 4087 727 4153 μου
746 4069 947 4154 θεομήτορος
971 4065 1094 4143 Ὀξείας
1110 4077 1166 4155 τῆς
1188 4069 1414 4155 Ἐπισκόψειος,
1440 4067 1544 4133 ἐπικε-

282 4190 426 4279 κληρόνη
456 4192 491 4255 δὲ
520 4201 656 4263 τοπικῶς
679 4187 925 4276 Μακρινίτισσα,
953 4188 973 4276 ἡ
996 4193 1085 4277 παρὰ
1108 4202 1163 4258 τοῦ
1186 4191 1396 4280 Μαλιασηνοό
1424 4193 1543 4258 ἐκείνου

283 4325 342 4402 κῦρ
365 4313 604 4381 Κωνσταντίνου
628 4324 683 4379 τοῦ
711 4313 882 4402 Κυμνηνοῖι
911 4313 1122 4400 ἀνεγερθεῐσα
1146 4314 1184 4381 ἐκ
1209 4317 1338 4402 βάθρον
1362 4313 1465 4382 αότῶν
1490 4315 1543 4402 ἔρ-

282 4441 367 4504 θασε
392 4443 449 4524 μὲν
473 4435 523 4504 ἐπὶ
546 4442 672 4526 χρόνοις
689 4449 822 4526 μακροῖς
845 4439 1006 4513 δεσπόζειν
1031 4444 1086 4504 καί
1109 4442 1262 4526 κυριεόειν
1286 4443 1321 4505 τό
1346 4439 1430 4516 ἅπαξ
1445 4461 1542 4526 προσ-

284 4561 432 4647 κυριοθὲν
457 4556 537 4650 αὕτη
564 4567 681 4648 χορίον
710 4562 764 4647 τήν
791 4561 979 4648 Κάπραιναν
1011 4565 1046 4628 τό
1075 4561 1120 4636 τίς
1154 4567 1316 4652 ποσότητα
1344 4568 1544 4651 περιιστάμε-

285 4704 338 4749 νυν
356 4679 536 4768 όπερπόρων
551 4688 755 4771 πεντήκοντα,
779 4683 847 4750 εἶτα
864 4682 891 4748 δ’
908 4683 1034 4771 ἐπείπερ
1057 4683 1148 4752 υόδίν
1173 4699 1236 4762 τοῖς
1253 4689 1411 4772 βιωτικοῖς
1428 4691 1543 4774 τυγχά-
1574 4691 1575 4700 ’
