<?xml version="1.0" encoding="UTF-8"?>
<!DOCTYPE html PUBLIC "-//W3C//DTD XHTML 1.0 Transitional//EN"
    "http://www.w3.org/TR/xhtml1/DTD/xhtml1-transitional.dtd">
<html xmlns="http://www.w3.org/1999/xhtml" xml:lang="en" lang="en">
 <head>
  <title>
</title>
<meta http-equiv="Content-Type" content="text/html;charset=utf-8" />
  <meta name='ocr-system' content='tesseract 3.04.00' />
  <meta name='ocr-capabilities' content='ocr_page ocr_carea ocr_par ocr_line ocrx_word'/>
</head>
<body>
  <div class='ocr_page' id='page_1' title='image "./actaetdiplomata04miklgoog_0026.png"; bbox 0 0 3228 5296; ppageno 0'>
   <div class='ocr_carea' id='block_1_1' title="bbox 1356 287 1375 348">
    <p class='ocr_par' dir='ltr' id='par_1_1' title="bbox 1356 287 1375 348">
     <span class='ocr_line' id='line_1_1' title="bbox 1356 287 1375 348; baseline 0 -2"><span class='ocrx_word' id='word_1_1' title='bbox 1356 287 1375 348; x_wconf 85' lang='lat'>5</span> 
     </span>
    </p>
   </div>
   <div class='ocr_carea' id='block_1_2' title="bbox 8 473 1460 4418">
    <p class='ocr_par' dir='ltr' id='par_1_2' title="bbox 8 473 1460 3792">
     <span class='ocr_line' id='line_1_2' title="bbox 96 473 1374 567; baseline 0 -24"><span class='ocrx_word' id='word_1_2' title='bbox 96 499 178 544; x_wconf 86' lang='grc' dir='ltr'><strong>νισεν</strong></span> <span class='ocrx_word' id='word_1_3' title='bbox 205 473 323 550; x_wconf 80' lang='grc' dir='ltr'><strong>ούτωσὶ</strong></span> <span class='ocrx_word' id='word_1_4' title='bbox 352 481 440 544; x_wconf 83' lang='grc' dir='ltr'><strong>κατὰ</strong></span> <span class='ocrx_word' id='word_1_5' title='bbox 474 473 561 567; x_wconf 80' lang='grc' dir='ltr'><strong>ῥήμα</strong></span> <span class='ocrx_word' id='word_1_6' title='bbox 589 479 860 566; x_wconf 71' lang='grc' dir='ltr'><strong>διαλαμβάνοντα·</strong></span> <span class='ocrx_word' id='word_1_7' title='bbox 897 481 1080 566; x_wconf 86' lang='grc' dir='ltr'><strong>σύγγαμβρε</strong></span> <span class='ocrx_word' id='word_1_8' title='bbox 1117 487 1172 565; x_wconf 89' lang='grc' dir='ltr'><strong>τής</strong></span> <span class='ocrx_word' id='word_1_9' title='bbox 1209 479 1374 564; x_wconf 76' lang='grc' dir='ltr'><strong>βασιλείας</strong></span> 
     </span>
     <span class='ocr_line' id='line_1_3' title="bbox 98 603 1372 694; baseline 0.002 -28"><span class='ocrx_word' id='word_1_10' title='bbox 98 624 164 689; x_wconf 90' lang='grc' dir='ltr'><strong>μου,</strong></span> <span class='ocrx_word' id='word_1_11' title='bbox 188 603 464 691; x_wconf 78' lang='grc' dir='ltr'><strong>στρατοπεδάρχα</strong></span> <span class='ocrx_word' id='word_1_12' title='bbox 487 613 546 669; x_wconf 84' lang='grc' dir='ltr'><strong>των</strong></span> <span class='ocrx_word' id='word_1_13' title='bbox 569 605 761 694; x_wconf 85' lang='grc' dir='ltr'><strong>Θρακησίων</strong></span> <span class='ocrx_word' id='word_1_14' title='bbox 784 609 841 670; x_wconf 80' lang='grc' dir='ltr'><strong>καί</strong></span> <span class='ocrx_word' id='word_1_15' title='bbox 871 603 1122 693; x_wconf 73' lang='grc' dir='ltr'><strong>Φιλαδελφείας,</strong></span> <span class='ocrx_word' id='word_1_16' title='bbox 1145 611 1235 690; x_wconf 84' lang='grc' dir='ltr'><strong>κύρις</strong></span> <span class='ocrx_word' id='word_1_17' title='bbox 1258 603 1372 670; x_wconf 81' lang='grc' dir='ltr'><strong>Φωκᾱ.</strong></span> 
     </span>
     <span class='ocr_line' id='line_1_4' title="bbox 94 725 1374 816; baseline 0 -24"><span class='ocrx_word' id='word_1_18' title='bbox 94 726 113 814; x_wconf 76' lang='grc' dir='ltr'><strong>ἡ</strong></span> <span class='ocrx_word' id='word_1_19' title='bbox 140 727 294 812; x_wconf 83' lang='grc' dir='ltr'><strong>βασιλεία</strong></span> <span class='ocrx_word' id='word_1_20' title='bbox 323 749 387 814; x_wconf 89' lang='grc' dir='ltr'><strong>μου</strong></span> <span class='ocrx_word' id='word_1_21' title='bbox 423 725 600 810; x_wconf 77' lang='grc' dir='ltr'><strong>ἀναγκαῖον</strong></span> <span class='ocrx_word' id='word_1_22' title='bbox 635 727 759 816; x_wconf 77' lang='grc' dir='ltr'><strong>όχουσα</strong></span> <span class='ocrx_word' id='word_1_23' title='bbox 791 725 1055 816; x_wconf 70' lang='grc' dir='ltr'><strong>ἀποκαταστῆναι</strong></span> <span class='ocrx_word' id='word_1_24' title='bbox 1089 727 1144 815; x_wconf 83' lang='grc' dir='ltr'><strong>τήν</strong></span> <span class='ocrx_word' id='word_1_25' title='bbox 1180 727 1279 814; x_wconf 88' lang='grc' dir='ltr'><strong>μονήν</strong></span> <span class='ocrx_word' id='word_1_26' title='bbox 1314 737 1374 792; x_wconf 79' lang='grc' dir='ltr'><strong>τῶν</strong></span> 
     </span>
     <span class='ocr_line' id='line_1_5' title="bbox 94 847 1374 940; baseline 0 -24"><span class='ocrx_word' id='word_1_27' title='bbox 94 849 225 936; x_wconf 78' lang='grc' dir='ltr'><strong>Αίμβου</strong></span> <span class='ocrx_word' id='word_1_28' title='bbox 249 849 296 926; x_wconf 80' lang='grc' dir='ltr'><strong>εὶς</strong></span> <span class='ocrx_word' id='word_1_29' title='bbox 319 856 426 918; x_wconf 77' lang='grc' dir='ltr'><strong>πάντα</strong></span> <span class='ocrx_word' id='word_1_30' title='bbox 450 856 489 918; x_wconf 79' lang='grc' dir='ltr'><strong>τὰ</strong></span> <span class='ocrx_word' id='word_1_31' title='bbox 510 855 672 939; x_wconf 75' lang='grc' dir='ltr'><strong>προσόντα</strong></span> <span class='ocrx_word' id='word_1_32' title='bbox 696 847 777 940; x_wconf 84' lang='grc' dir='ltr'><strong>αύεή</strong></span> <span class='ocrx_word' id='word_1_33' title='bbox 798 855 948 938; x_wconf 87' lang='grc' dir='ltr'><strong>κτήματα</strong></span> <span class='ocrx_word' id='word_1_34' title='bbox 972 851 1027 917; x_wconf 85' lang='grc' dir='ltr'><strong>διὰ</strong></span> <span class='ocrx_word' id='word_1_35' title='bbox 1042 853 1189 940; x_wconf 87' lang='grc' dir='ltr'><strong>περιόρου</strong></span> <span class='ocrx_word' id='word_1_36' title='bbox 1212 847 1374 940; x_wconf 71' lang='grc' dir='ltr'><strong>δγγροίρου</strong></span> 
     </span>
     <span class='ocr_line' id='line_1_6' title="bbox 89 971 1374 1064; baseline 0 -24"><span class='ocrx_word' id='word_1_37' title='bbox 89 979 145 1040; x_wconf 82' lang='grc' dir='ltr'><strong>καί</strong></span> <span class='ocrx_word' id='word_1_38' title='bbox 172 971 488 1058; x_wconf 72' lang='grc' dir='ltr'><strong>ἀποκαταστάσεως,</strong></span> <span class='ocrx_word' id='word_1_39' title='bbox 517 971 561 1052; x_wconf 75' lang='grc' dir='ltr'><strong>ὥς</strong></span> <span class='ocrx_word' id='word_1_40' title='bbox 590 973 629 1042; x_wconf 79' lang='grc' dir='ltr'><strong>ἂν</strong></span> <span class='ocrx_word' id='word_1_41' title='bbox 657 973 688 1043; x_wconf 79' lang='grc' dir='ltr'><strong>οἱ</strong></span> <span class='ocrx_word' id='word_1_42' title='bbox 716 973 749 1041; x_wconf 74' lang='grc' dir='ltr'><strong>όν</strong></span> <span class='ocrx_word' id='word_1_43' title='bbox 773 971 854 1063; x_wconf 83' lang='grc' dir='ltr'><strong>αύτή</strong></span> <span class='ocrx_word' id='word_1_44' title='bbox 879 973 1075 1063; x_wconf 71' lang='grc' dir='ltr'><strong>ἀσκούμενοι</strong></span> <span class='ocrx_word' id='word_1_45' title='bbox 1104 979 1247 1064; x_wconf 83' lang='grc' dir='ltr'><strong>μοναχοί</strong></span> <span class='ocrx_word' id='word_1_46' title='bbox 1272 975 1374 1062; x_wconf 79' lang='grc' dir='ltr'><strong>ἔχωσι</strong></span> 
     </span>
     <span class='ocr_line' id='line_1_7' title="bbox 93 1095 1373 1188; baseline 0.001 -24"><span class='ocrx_word' id='word_1_47' title='bbox 93 1103 197 1164; x_wconf 76' lang='grc' dir='ltr'><strong>πᾶσαν</strong></span> <span class='ocrx_word' id='word_1_48' title='bbox 218 1097 468 1188; x_wconf 81' lang='grc' dir='ltr'><strong>ἀνενοχλησίαν,</strong></span> <span class='ocrx_word' id='word_1_49' title='bbox 493 1097 665 1186; x_wconf 71' lang='grc' dir='ltr'><strong>διορίζεταί</strong></span> <span class='ocrx_word' id='word_1_50' title='bbox 681 1121 743 1179; x_wconf 91' lang='grc' dir='ltr'><strong>σοι,</strong></span> <span class='ocrx_word' id='word_1_51' title='bbox 767 1095 811 1174; x_wconf 80' lang='grc' dir='ltr'><strong>εδς</strong></span> <span class='ocrx_word' id='word_1_52' title='bbox 834 1097 872 1166; x_wconf 82' lang='grc' dir='ltr'><strong>ἂν</strong></span> <span class='ocrx_word' id='word_1_53' title='bbox 897 1097 1131 1186; x_wconf 82' lang='grc' dir='ltr'><strong>ἀναθεωρήσης</strong></span> <span class='ocrx_word' id='word_1_54' title='bbox 1155 1103 1194 1164; x_wconf 83' lang='grc' dir='ltr'><strong>τό</strong></span> <span class='ocrx_word' id='word_1_55' title='bbox 1213 1101 1373 1186; x_wconf 74' lang='grc' dir='ltr'><strong>προσόντα</strong></span> 
     </span>
     <span class='ocr_line' id='line_1_8' title="bbox 93 1219 1373 1314; baseline 0.001 -26"><span class='ocrx_word' id='word_1_56' title='bbox 93 1233 130 1310; x_wconf 81' lang='grc' dir='ltr'><strong>τή</strong></span> <span class='ocrx_word' id='word_1_57' title='bbox 156 1223 294 1311; x_wconf 82' lang='grc' dir='ltr'><strong>τοιαύτη</strong></span> <span class='ocrx_word' id='word_1_58' title='bbox 319 1235 402 1312; x_wconf 79' lang='grc' dir='ltr'><strong>μονή</strong></span> <span class='ocrx_word' id='word_1_59' title='bbox 430 1225 590 1313; x_wconf 90' lang='grc' dir='ltr'><strong>κτήματα,</strong></span> <span class='ocrx_word' id='word_1_60' title='bbox 620 1221 776 1311; x_wconf 81' lang='grc' dir='ltr'><strong>ἀμπόλτα,</strong></span> <span class='ocrx_word' id='word_1_61' title='bbox 805 1225 970 1314; x_wconf 85' lang='grc' dir='ltr'><strong>χωρόρια,</strong></span> <span class='ocrx_word' id='word_1_62' title='bbox 994 1219 1121 1311; x_wconf 75' lang='grc' dir='ltr'><strong>δένδρα,</strong></span> <span class='ocrx_word' id='word_1_63' title='bbox 1147 1223 1293 1311; x_wconf 83' lang='grc' dir='ltr'><strong>μυλῶνας</strong></span> <span class='ocrx_word' id='word_1_64' title='bbox 1315 1229 1373 1289; x_wconf 85' lang='grc' dir='ltr'><strong>καί</strong></span> 
     </span>
     <span class='ocr_line' id='line_1_9' title="bbox 94 1341 1372 1438; baseline 0 -26"><span class='ocrx_word' id='word_1_65' title='bbox 94 1341 208 1422; x_wconf 71' lang='grc' dir='ltr'><strong>αὐτούς</strong></span> <span class='ocrx_word' id='word_1_66' title='bbox 236 1345 277 1434; x_wconf 86' lang='grc' dir='ltr'><strong>δή</strong></span> <span class='ocrx_word' id='word_1_67' title='bbox 307 1345 383 1423; x_wconf 93' lang='grc' dir='ltr'><strong>τούς</strong></span> <span class='ocrx_word' id='word_1_68' title='bbox 409 1353 598 1434; x_wconf 89' lang='grc' dir='ltr'><strong>παροίκους,</strong></span> <span class='ocrx_word' id='word_1_69' title='bbox 635 1345 698 1414; x_wconf 85' lang='grc' dir='ltr'><strong>ύσα</strong></span> <span class='ocrx_word' id='word_1_70' title='bbox 726 1353 782 1436; x_wconf 72' lang='grc' dir='ltr'><strong>μὲν</strong></span> <span class='ocrx_word' id='word_1_71' title='bbox 809 1343 830 1436; x_wconf 77' lang='grc' dir='ltr'><strong>ἡ</strong></span> <span class='ocrx_word' id='word_1_72' title='bbox 859 1347 1008 1434; x_wconf 85' lang='grc' dir='ltr'><strong>βασιλεία</strong></span> <span class='ocrx_word' id='word_1_73' title='bbox 1037 1371 1098 1436; x_wconf 91' lang='grc' dir='ltr'><strong>μου</strong></span> <span class='ocrx_word' id='word_1_74' title='bbox 1121 1345 1307 1438; x_wconf 74' lang='grc' dir='ltr'><strong>ἔδωρήσατο</strong></span> <span class='ocrx_word' id='word_1_75' title='bbox 1332 1359 1372 1436; x_wconf 84' lang='grc' dir='ltr'><strong>τή</strong></span> 
     </span>
     <span class='ocr_line' id='line_1_10' title="bbox 92 1467 1370 1572; baseline 0.002 -36"><span class='ocrx_word' id='word_1_76' title='bbox 92 1472 226 1558; x_wconf 82' lang='grc' dir='ltr'><strong>τοιαύτη</strong></span> <span class='ocrx_word' id='word_1_77' title='bbox 255 1481 353 1572; x_wconf 75' lang='grc' dir='ltr'><strong>μονή,</strong></span> <span class='ocrx_word' id='word_1_78' title='bbox 384 1467 447 1538; x_wconf 87' lang='grc' dir='ltr'><strong>όσα</strong></span> <span class='ocrx_word' id='word_1_79' title='bbox 474 1469 491 1538; x_wconf 89' lang='grc' dir='ltr'><strong>ό</strong></span> <span class='ocrx_word' id='word_1_80' title='bbox 518 1474 768 1560; x_wconf 75' lang='grc' dir='ltr'><strong>καθηγούμενος</strong></span> <span class='ocrx_word' id='word_1_81' title='bbox 791 1481 848 1559; x_wconf 86' lang='grc' dir='ltr'><strong>τής</strong></span> <span class='ocrx_word' id='word_1_82' title='bbox 871 1473 1020 1562; x_wconf 81' lang='grc' dir='ltr'><strong>τοιαύτης</strong></span> <span class='ocrx_word' id='word_1_83' title='bbox 1045 1481 1145 1560; x_wconf 82' lang='grc' dir='ltr'><strong>μονής</strong></span> <span class='ocrx_word' id='word_1_84' title='bbox 1168 1473 1370 1559; x_wconf 69' lang='grc' dir='ltr'><strong>ἐπεκτήσατο</strong></span> 
     </span>
     <span class='ocr_line' id='line_1_11' title="bbox 91 1591 1371 1683; baseline 0 -23"><span class='ocrx_word' id='word_1_85' title='bbox 91 1599 147 1660; x_wconf 84' lang='grc' dir='ltr'><strong>καὶ</strong></span> <span class='ocrx_word' id='word_1_86' title='bbox 170 1591 238 1662; x_wconf 87' lang='grc' dir='ltr'><strong>όσα</strong></span> <span class='ocrx_word' id='word_1_87' title='bbox 262 1591 297 1672; x_wconf 73' lang='grc' dir='ltr'><strong>λε</strong></span> <span class='ocrx_word' id='word_1_88' title='bbox 320 1593 499 1682; x_wconf 83' lang='grc' dir='ltr'><strong>ἀγορασίας</strong></span> <span class='ocrx_word' id='word_1_89' title='bbox 519 1599 577 1662; x_wconf 87' lang='grc' dir='ltr'><strong>καί</strong></span> <span class='ocrx_word' id='word_1_90' title='bbox 600 1591 662 1662; x_wconf 79' lang='grc' dir='ltr'><strong>ὅσα</strong></span> <span class='ocrx_word' id='word_1_91' title='bbox 686 1591 749 1662; x_wconf 86' lang='grc' dir='ltr'><strong>ἀπό</strong></span> <span class='ocrx_word' id='word_1_92' title='bbox 764 1597 978 1683; x_wconf 76' lang='grc' dir='ltr'><strong>προσενέξεως</strong></span> <span class='ocrx_word' id='word_1_93' title='bbox 1003 1591 1139 1677; x_wconf 84' lang='grc' dir='ltr'><strong>εύλόγου</strong></span> <span class='ocrx_word' id='word_1_94' title='bbox 1162 1599 1218 1662; x_wconf 84' lang='grc' dir='ltr'><strong>καί</strong></span> <span class='ocrx_word' id='word_1_95' title='bbox 1241 1597 1371 1670; x_wconf 82' lang='grc' dir='ltr'><strong>δικαίας</strong></span> 
     </span>
     <span class='ocr_line' id='line_1_12' title="bbox 8 1697 1372 1812; baseline 0 -28"><span class='ocrx_word' id='word_1_96' title='bbox 8 1777 10 1812; x_wconf 42' lang='grc' dir='ltr'><strong>η</strong></span> <span class='ocrx_word' id='word_1_97' title='bbox 93 1719 392 1807; x_wconf 77' lang='grc' dir='ltr'><strong>τροσεκυρεύθησαν</strong></span> <span class='ocrx_word' id='word_1_98' title='bbox 412 1729 452 1807; x_wconf 71' lang='grc' dir='ltr'><strong>πή</strong></span> <span class='ocrx_word' id='word_1_99' title='bbox 474 1697 613 1808; x_wconf 80' lang='grc' dir='ltr'><strong>ῥηθείση</strong></span> <span class='ocrx_word' id='word_1_100' title='bbox 631 1730 724 1808; x_wconf 74' lang='grc' dir='ltr'><strong>μονή,</strong></span> <span class='ocrx_word' id='word_1_101' title='bbox 747 1723 805 1786; x_wconf 89' lang='grc' dir='ltr'><strong>καί</strong></span> <span class='ocrx_word' id='word_1_102' title='bbox 827 1724 985 1808; x_wconf 84' lang='grc' dir='ltr'><strong>γνωρίσης</strong></span> <span class='ocrx_word' id='word_1_103' title='bbox 1008 1721 1047 1784; x_wconf 84' lang='grc' dir='ltr'><strong>τά</strong></span> <span class='ocrx_word' id='word_1_104' title='bbox 1072 1717 1198 1786; x_wconf 85' lang='grc' dir='ltr'><strong>ἅπαντα</strong></span> <span class='ocrx_word' id='word_1_105' title='bbox 1221 1723 1372 1809; x_wconf 87' lang='grc' dir='ltr'><strong>κτήματα</strong></span> 
     </span>
     <span class='ocr_line' id='line_1_13' title="bbox 8 1835 1372 1931; baseline -0.001 -21"><span class='ocrx_word' id='word_1_106' title='bbox 8 1835 9 1842; x_wconf 52' lang='lat'><em>&#39;</em></span> <span class='ocrx_word' id='word_1_107' title='bbox 94 1845 212 1930; x_wconf 86' lang='grc' dir='ltr'><strong>ταύτης</strong></span> <span class='ocrx_word' id='word_1_108' title='bbox 248 1847 307 1908; x_wconf 83' lang='grc' dir='ltr'><strong>καί</strong></span> <span class='ocrx_word' id='word_1_109' title='bbox 345 1847 484 1931; x_wconf 88' lang='grc' dir='ltr'><strong>ποιήσης</strong></span> <span class='ocrx_word' id='word_1_110' title='bbox 521 1847 607 1910; x_wconf 83' lang='grc' dir='ltr'><strong>κατὰ</strong></span> <span class='ocrx_word' id='word_1_111' title='bbox 644 1847 740 1910; x_wconf 87' lang='grc' dir='ltr'><strong>τύπον</strong></span> <span class='ocrx_word' id='word_1_112' title='bbox 774 1847 921 1931; x_wconf 87' lang='grc' dir='ltr'><strong>περίορσν</strong></span> <span class='ocrx_word' id='word_1_113' title='bbox 957 1849 1013 1910; x_wconf 85' lang='grc' dir='ltr'><strong>καί</strong></span> <span class='ocrx_word' id='word_1_114' title='bbox 1052 1843 1184 1931; x_wconf 74' lang='grc' dir='ltr'><strong>είσοίίης</strong></span> <span class='ocrx_word' id='word_1_115' title='bbox 1223 1841 1255 1909; x_wconf 80' lang='grc' dir='ltr'><strong>ἐν</strong></span> <span class='ocrx_word' id='word_1_116' title='bbox 1287 1839 1372 1930; x_wconf 74' lang='grc' dir='ltr'><strong>αότηῑ</strong></span> 
     </span>
     <span class='ocr_line' id='line_1_14' title="bbox 8 1963 1371 2064; baseline -0.001 -30"><span class='ocrx_word' id='word_1_117' title='bbox 8 2047 9 2064; x_wconf 21' lang='grc' dir='ltr'><strong>η</strong></span> <span class='ocrx_word' id='word_1_118' title='bbox 95 1965 222 2034; x_wconf 75' lang='grc' dir='ltr'><strong>ἅπαντα</strong></span> <span class='ocrx_word' id='word_1_119' title='bbox 249 1969 291 2034; x_wconf 85' lang='grc' dir='ltr'><strong>τά</strong></span> <span class='ocrx_word' id='word_1_120' title='bbox 318 1967 513 2057; x_wconf 80' lang='grc' dir='ltr'><strong>διαρίροντα</strong></span> <span class='ocrx_word' id='word_1_121' title='bbox 539 1977 579 2057; x_wconf 78' lang='grc' dir='ltr'><strong>τή</strong></span> <span class='ocrx_word' id='word_1_122' title='bbox 607 1969 738 2056; x_wconf 85' lang='grc' dir='ltr'><strong>τοιαύτη</strong></span> <span class='ocrx_word' id='word_1_123' title='bbox 764 1978 845 2056; x_wconf 86' lang='grc' dir='ltr'><strong>μονή</strong></span> <span class='ocrx_word' id='word_1_124' title='bbox 873 1969 1023 2056; x_wconf 87' lang='grc' dir='ltr'><strong>κτήματα</strong></span> <span class='ocrx_word' id='word_1_125' title='bbox 1045 1972 1103 2033; x_wconf 80' lang='grc' dir='ltr'><strong>καί</strong></span> <span class='ocrx_word' id='word_1_126' title='bbox 1124 1971 1263 2056; x_wconf 78' lang='grc' dir='ltr'><strong>ποιήσῃς</strong></span> <span class='ocrx_word' id='word_1_127' title='bbox 1288 1963 1371 2056; x_wconf 83' lang='grc' dir='ltr'><strong>αύτή</strong></span> 
     </span>
     <span class='ocr_line' id='line_1_15' title="bbox 8 2065 1369 2182; baseline -0.001 -24"><span class='ocrx_word' id='word_1_128' title='bbox 8 2065 9 2122; x_wconf 39' lang='grc' dir='ltr'><strong>ἀ</strong></span> <span class='ocrx_word' id='word_1_129' title='bbox 94 2093 285 2179; x_wconf 80' lang='grc' dir='ltr'><strong>πρακτικόν,</strong></span> <span class='ocrx_word' id='word_1_130' title='bbox 321 2088 365 2166; x_wconf 81' lang='grc' dir='ltr'><strong>ύς</strong></span> <span class='ocrx_word' id='word_1_131' title='bbox 388 2087 426 2156; x_wconf 83' lang='grc' dir='ltr'><strong>ἀν</strong></span> <span class='ocrx_word' id='word_1_132' title='bbox 451 2090 481 2157; x_wconf 89' lang='grc' dir='ltr'><strong>οἱ</strong></span> <span class='ocrx_word' id='word_1_133' title='bbox 504 2089 537 2156; x_wconf 74' lang='grc' dir='ltr'><strong>δν</strong></span> <span class='ocrx_word' id='word_1_134' title='bbox 565 2085 646 2182; x_wconf 79' lang='grc' dir='ltr'><strong>σύτη</strong></span> <span class='ocrx_word' id='word_1_135' title='bbox 675 2089 868 2178; x_wconf 82' lang='grc' dir='ltr'><strong>ἀσκούμενοι</strong></span> <span class='ocrx_word' id='word_1_136' title='bbox 896 2095 1035 2180; x_wconf 85' lang='grc' dir='ltr'><strong>μοναχοί</strong></span> <span class='ocrx_word' id='word_1_137' title='bbox 1068 2092 1219 2172; x_wconf 76' lang='grc' dir='ltr'><strong>διάγωσιν</strong></span> <span class='ocrx_word' id='word_1_138' title='bbox 1257 2089 1369 2157; x_wconf 90' lang='grc' dir='ltr'><strong>ἀνενο-</strong></span> 
     </span>
     <span class='ocr_line' id='line_1_16' title="bbox 95 2211 1369 2304; baseline 0 -24"><span class='ocrx_word' id='word_1_139' title='bbox 95 2217 224 2303; x_wconf 84' lang='grc' dir='ltr'><strong>χλήτως</strong></span> <span class='ocrx_word' id='word_1_140' title='bbox 263 2217 322 2281; x_wconf 81' lang='grc' dir='ltr'><strong>καί</strong></span> <span class='ocrx_word' id='word_1_141' title='bbox 359 2212 643 2302; x_wconf 88' lang='grc' dir='ltr'><strong>ἀπαρεμποδίστως</strong></span> <span class='ocrx_word' id='word_1_142' title='bbox 681 2219 738 2282; x_wconf 83' lang='grc' dir='ltr'><strong>καί</strong></span> <span class='ocrx_word' id='word_1_143' title='bbox 776 2217 819 2302; x_wconf 88' lang='grc' dir='ltr'><strong>μή</strong></span> <span class='ocrx_word' id='word_1_144' title='bbox 861 2213 979 2304; x_wconf 78' lang='grc' dir='ltr'><strong>ἔχωσιν</strong></span> <span class='ocrx_word' id='word_1_145' title='bbox 1018 2211 1081 2282; x_wconf 88' lang='grc' dir='ltr'><strong>ἀπό</strong></span> <span class='ocrx_word' id='word_1_146' title='bbox 1116 2235 1200 2290; x_wconf 88' lang='grc' dir='ltr'><strong>τινος</strong></span> <span class='ocrx_word' id='word_1_147' title='bbox 1233 2211 1369 2304; x_wconf 80' lang='grc' dir='ltr'><strong>ὄχλησιν</strong></span> 
     </span>
     <span class='ocr_line' id='line_1_17' title="bbox 95 2337 1370 2428; baseline 0 -24"><span class='ocrx_word' id='word_1_148' title='bbox 95 2337 205 2428; x_wconf 80' lang='grc' dir='ltr'><strong>τινόή</strong></span> <span class='ocrx_word' id='word_1_149' title='bbox 233 2337 441 2426; x_wconf 77' lang='grc' dir='ltr'><strong>ἐμποδισμδν,</strong></span> <span class='ocrx_word' id='word_1_150' title='bbox 464 2343 521 2405; x_wconf 87' lang='grc' dir='ltr'><strong>καί</strong></span> <span class='ocrx_word' id='word_1_151' title='bbox 544 2343 626 2426; x_wconf 86' lang='grc' dir='ltr'><strong>μετά</strong></span> <span class='ocrx_word' id='word_1_152' title='bbox 648 2347 748 2404; x_wconf 80' lang='grc' dir='ltr'><strong>ταῦτα</strong></span> <span class='ocrx_word' id='word_1_153' title='bbox 772 2337 961 2406; x_wconf 83' lang='grc' dir='ltr'><strong>ἀπόστειλον</strong></span> <span class='ocrx_word' id='word_1_154' title='bbox 983 2341 1036 2405; x_wconf 88' lang='grc' dir='ltr'><strong>τόν</strong></span> <span class='ocrx_word' id='word_1_155' title='bbox 1059 2349 1201 2405; x_wconf 81' lang='grc' dir='ltr'><strong>τοιοῦτον</strong></span> <span class='ocrx_word' id='word_1_156' title='bbox 1225 2345 1370 2426; x_wconf 86' lang='grc' dir='ltr'><strong>περίορον</strong></span> 
     </span>
     <span class='ocr_line' id='line_1_18' title="bbox 96 2459 1370 2553; baseline 0.002 -25"><span class='ocrx_word' id='word_1_157' title='bbox 96 2467 147 2528; x_wconf 82' lang='grc' dir='ltr'><strong>καὶ</strong></span> <span class='ocrx_word' id='word_1_158' title='bbox 170 2467 208 2528; x_wconf 88' lang='grc' dir='ltr'><strong>τό</strong></span> <span class='ocrx_word' id='word_1_159' title='bbox 231 2465 410 2550; x_wconf 82' lang='grc' dir='ltr'><strong>πρακτικόν</strong></span> <span class='ocrx_word' id='word_1_160' title='bbox 433 2465 511 2550; x_wconf 85' lang='grc' dir='ltr'><strong>πρός</strong></span> <span class='ocrx_word' id='word_1_161' title='bbox 535 2465 590 2552; x_wconf 86' lang='grc' dir='ltr'><strong>τήν</strong></span> <span class='ocrx_word' id='word_1_162' title='bbox 616 2463 782 2548; x_wconf 86' lang='grc' dir='ltr'><strong>βασιλείαν</strong></span> <span class='ocrx_word' id='word_1_163' title='bbox 806 2485 876 2551; x_wconf 88' lang='grc' dir='ltr'><strong>μου,</strong></span> <span class='ocrx_word' id='word_1_164' title='bbox 902 2463 946 2538; x_wconf 76' lang='grc' dir='ltr'><strong>ως</strong></span> <span class='ocrx_word' id='word_1_165' title='bbox 971 2459 1008 2528; x_wconf 86' lang='grc' dir='ltr'><strong>ἀν</strong></span> <span class='ocrx_word' id='word_1_166' title='bbox 1032 2463 1211 2553; x_wconf 85' lang='grc' dir='ltr'><strong>διυρίσηται</strong></span> <span class='ocrx_word' id='word_1_167' title='bbox 1234 2461 1291 2528; x_wconf 79' lang='grc' dir='ltr'><strong>καὶ</strong></span> <span class='ocrx_word' id='word_1_168' title='bbox 1314 2469 1370 2546; x_wconf 81' lang='grc' dir='ltr'><strong>γό-</strong></span> 
     </span>
     <span class='ocr_line' id='line_1_19' title="bbox 92 2586 1367 2676; baseline 0.002 -25"><span class='ocrx_word' id='word_1_169' title='bbox 92 2609 181 2674; x_wconf 83' lang='grc' dir='ltr'><strong>τητσι</strong></span> <span class='ocrx_word' id='word_1_170' title='bbox 217 2599 257 2676; x_wconf 69' lang='grc' dir='ltr'><strong>πή</strong></span> <span class='ocrx_word' id='word_1_171' title='bbox 286 2589 418 2674; x_wconf 88' lang='grc' dir='ltr'><strong>τοιαύτη</strong></span> <span class='ocrx_word' id='word_1_172' title='bbox 454 2597 536 2676; x_wconf 80' lang='grc' dir='ltr'><strong>μονή</strong></span> <span class='ocrx_word' id='word_1_173' title='bbox 564 2587 804 2675; x_wconf 87' lang='grc' dir='ltr'><strong>χρυσόβουλλον</strong></span> <span class='ocrx_word' id='word_1_174' title='bbox 834 2597 890 2675; x_wconf 88' lang='grc' dir='ltr'><strong>τής</strong></span> <span class='ocrx_word' id='word_1_175' title='bbox 917 2587 1084 2672; x_wconf 88' lang='grc' dir='ltr'><strong>βασιλείας</strong></span> <span class='ocrx_word' id='word_1_176' title='bbox 1114 2611 1184 2674; x_wconf 88' lang='grc' dir='ltr'><strong>μου.</strong></span> <span class='ocrx_word' id='word_1_177' title='bbox 1225 2586 1293 2654; x_wconf 68' lang='grc' dir='ltr'><strong>ἐπεὶ</strong></span> <span class='ocrx_word' id='word_1_178' title='bbox 1331 2588 1367 2654; x_wconf 82' lang='grc' dir='ltr'><strong>δὲ</strong></span> 
     </span>
     <span class='ocr_line' id='line_1_20' title="bbox 91 2709 1369 2799; baseline 0.002 -23"><span class='ocrx_word' id='word_1_179' title='bbox 91 2717 147 2777; x_wconf 84' lang='grc' dir='ltr'><strong>καί</strong></span> <span class='ocrx_word' id='word_1_180' title='bbox 174 2733 265 2786; x_wconf 86' lang='grc' dir='ltr'><strong>τινας</strong></span> <span class='ocrx_word' id='word_1_181' title='bbox 300 2713 407 2788; x_wconf 76' lang='grc' dir='ltr'><strong>Εόνους</strong></span> <span class='ocrx_word' id='word_1_182' title='bbox 435 2714 492 2777; x_wconf 88' lang='grc' dir='ltr'><strong>καί</strong></span> <span class='ocrx_word' id='word_1_183' title='bbox 525 2709 570 2798; x_wconf 81' lang='grc' dir='ltr'><strong>τῷ</strong></span> <span class='ocrx_word' id='word_1_184' title='bbox 596 2711 742 2799; x_wconf 79' lang='grc' dir='ltr'><strong>δημοσίῳ</strong></span> <span class='ocrx_word' id='word_1_185' title='bbox 778 2709 1028 2791; x_wconf 85' lang='grc' dir='ltr'><strong>ἀνεπιγνιύστους</strong></span> <span class='ocrx_word' id='word_1_186' title='bbox 1062 2715 1308 2797; x_wconf 83' lang='grc' dir='ltr'><strong>προσεκάθισαν</strong></span> <span class='ocrx_word' id='word_1_187' title='bbox 1340 2711 1369 2778; x_wconf 92' lang='grc' dir='ltr'><strong>οἱ</strong></span> 
     </span>
     <span class='ocr_line' id='line_1_21' title="bbox 92 2829 1367 2924; baseline -0.001 -23"><span class='ocrx_word' id='word_1_188' title='bbox 92 2833 233 2924; x_wconf 78' lang='grc' dir='ltr'><strong>μοναχοὶ</strong></span> <span class='ocrx_word' id='word_1_189' title='bbox 260 2833 294 2900; x_wconf 77' lang='grc' dir='ltr'><strong>ἰν</strong></span> <span class='ocrx_word' id='word_1_190' title='bbox 322 2845 387 2910; x_wconf 73' lang='grc' dir='ltr'><strong>τοῖς</strong></span> <span class='ocrx_word' id='word_1_191' title='bbox 416 2830 465 2902; x_wconf 88' lang='grc' dir='ltr'><strong>ύπ’</strong></span> <span class='ocrx_word' id='word_1_192' title='bbox 493 2829 596 2901; x_wconf 79' lang='grc' dir='ltr'><strong>αὐτῶν</strong></span> <span class='ocrx_word' id='word_1_193' title='bbox 627 2837 787 2923; x_wconf 88' lang='grc' dir='ltr'><strong>κτήμασιν</strong></span> <span class='ocrx_word' id='word_1_194' title='bbox 815 2833 861 2910; x_wconf 79' lang='grc' dir='ltr'><strong>εἰς</strong></span> <span class='ocrx_word' id='word_1_195' title='bbox 896 2839 1107 2923; x_wconf 89' lang='grc' dir='ltr'><strong>συγκρότησιν</strong></span> <span class='ocrx_word' id='word_1_196' title='bbox 1135 2839 1192 2902; x_wconf 82' lang='grc' dir='ltr'><strong>καί</strong></span> <span class='ocrx_word' id='word_1_197' title='bbox 1219 2835 1367 2901; x_wconf 82' lang='grc' dir='ltr'><strong>δουλείαν</strong></span> 
     </span>
     <span class='ocr_line' id='line_1_22' title="bbox 93 2955 1367 3047; baseline 0.002 -23"><span class='ocrx_word' id='word_1_198' title='bbox 93 2957 210 3039; x_wconf 75' lang='grc' dir='ltr'><strong>αὐτῶν,</strong></span> <span class='ocrx_word' id='word_1_199' title='bbox 243 2959 418 3046; x_wconf 73' lang='grc' dir='ltr'><strong>διορίζεταί</strong></span> <span class='ocrx_word' id='word_1_200' title='bbox 452 2981 503 3026; x_wconf 91' lang='grc' dir='ltr'><strong>σοι</strong></span> <span class='ocrx_word' id='word_1_201' title='bbox 530 2956 551 3047; x_wconf 83' lang='grc' dir='ltr'><strong>ἡ</strong></span> <span class='ocrx_word' id='word_1_202' title='bbox 581 2958 730 3044; x_wconf 84' lang='grc' dir='ltr'><strong>βασιλεία</strong></span> <span class='ocrx_word' id='word_1_203' title='bbox 766 2981 842 3046; x_wconf 88' lang='grc' dir='ltr'><strong>μου,</strong></span> <span class='ocrx_word' id='word_1_204' title='bbox 872 2957 914 3034; x_wconf 81' lang='grc' dir='ltr'><strong>ως</strong></span> <span class='ocrx_word' id='word_1_205' title='bbox 942 2955 981 3025; x_wconf 87' lang='grc' dir='ltr'><strong>ἀν</strong></span> <span class='ocrx_word' id='word_1_206' title='bbox 1008 2963 1094 3024; x_wconf 82' lang='grc' dir='ltr'><strong>κατὰ</strong></span> <span class='ocrx_word' id='word_1_207' title='bbox 1121 2961 1174 3024; x_wconf 89' lang='grc' dir='ltr'><strong>τόν</strong></span> <span class='ocrx_word' id='word_1_208' title='bbox 1208 2962 1367 3047; x_wconf 78' lang='grc' dir='ltr'><strong>προσόντα</strong></span> 
     </span>
     <span class='ocr_line' id='line_1_23' title="bbox 93 3065 1460 3171; baseline 0 -22"><span class='ocrx_word' id='word_1_209' title='bbox 93 3079 198 3160; x_wconf 79' lang='grc' dir='ltr'><strong>σότυίς</strong></span> <span class='ocrx_word' id='word_1_210' title='bbox 216 3065 348 3171; x_wconf 78' lang='grc' dir='ltr'><strong>ὁρισμόν</strong></span> <span class='ocrx_word' id='word_1_211' title='bbox 372 3079 423 3150; x_wconf 71' lang='grc' dir='ltr'><strong>ἀπό</strong></span> <span class='ocrx_word' id='word_1_212' title='bbox 446 3085 568 3156; x_wconf 83' lang='grc' dir='ltr'><strong>τούτοις</strong></span> <span class='ocrx_word' id='word_1_213' title='bbox 590 3083 785 3170; x_wconf 77' lang='grc' dir='ltr'><strong>παραδούσης</strong></span> <span class='ocrx_word' id='word_1_214' title='bbox 807 3085 935 3158; x_wconf 87' lang='grc' dir='ltr'><strong>τούτους</strong></span> <span class='ocrx_word' id='word_1_215' title='bbox 956 3085 1033 3170; x_wconf 87' lang='grc' dir='ltr'><strong>πρός</strong></span> <span class='ocrx_word' id='word_1_216' title='bbox 1057 3079 1181 3162; x_wconf 88' lang='grc' dir='ltr'><strong>αύτούς,</strong></span> <span class='ocrx_word' id='word_1_217' title='bbox 1203 3081 1242 3147; x_wconf 74' lang='grc' dir='ltr'><strong>όν·</strong></span> <span class='ocrx_word' id='word_1_218' title='bbox 1266 3083 1368 3171; x_wconf 71' lang='grc' dir='ltr'><strong>ἔχωσι</strong></span> <span class='ocrx_word' id='word_1_219' title='bbox 1448 3124 1460 3138; x_wconf 80' lang='lat'><strong>.‚</strong></span> 
     </span>
     <span class='ocr_line' id='line_1_24' title="bbox 92 3203 1368 3296; baseline -0.001 -22"><span class='ocrx_word' id='word_1_220' title='bbox 92 3211 223 3284; x_wconf 88' lang='grc' dir='ltr'><strong>τούτους</strong></span> <span class='ocrx_word' id='word_1_221' title='bbox 246 3205 290 3282; x_wconf 78' lang='grc' dir='ltr'><strong>ὣς</strong></span> <span class='ocrx_word' id='word_1_222' title='bbox 313 3205 453 3281; x_wconf 76' lang='grc' dir='ltr'><strong>οἰκείους</strong></span> <span class='ocrx_word' id='word_1_223' title='bbox 468 3211 524 3273; x_wconf 87' lang='grc' dir='ltr'><strong>καί</strong></span> <span class='ocrx_word' id='word_1_224' title='bbox 546 3207 774 3296; x_wconf 80' lang='grc' dir='ltr'><strong>δερενδιύωσιν</strong></span> <span class='ocrx_word' id='word_1_225' title='bbox 793 3203 907 3281; x_wconf 88' lang='grc' dir='ltr'><strong>αύτούς</strong></span> <span class='ocrx_word' id='word_1_226' title='bbox 930 3211 986 3273; x_wconf 86' lang='grc' dir='ltr'><strong>καί</strong></span> <span class='ocrx_word' id='word_1_227' title='bbox 1009 3205 1258 3283; x_wconf 76' lang='grc' dir='ltr'><strong>ἐξκουσσεύωσιν</strong></span> <span class='ocrx_word' id='word_1_228' title='bbox 1282 3211 1368 3273; x_wconf 81' lang='grc' dir='ltr'><strong>κατὰ</strong></span> 
     </span>
     <span class='ocr_line' id='line_1_25' title="bbox 93 3328 1368 3419; baseline -0.002 -21"><span class='ocrx_word' id='word_1_229' title='bbox 93 3333 303 3398; x_wconf 76' lang='grc' dir='ltr'><strong>τὸκαθόλου</strong></span> <span class='ocrx_word' id='word_1_230' title='bbox 327 3339 384 3419; x_wconf 86' lang='grc' dir='ltr'><strong>τής</strong></span> <span class='ocrx_word' id='word_1_231' title='bbox 408 3329 614 3408; x_wconf 75' lang='grc' dir='ltr'><strong>ἐξκοοσσείας</strong></span> <span class='ocrx_word' id='word_1_232' title='bbox 635 3333 822 3419; x_wconf 78' lang='grc' dir='ltr'><strong>κεφάλαιον.</strong></span> <span class='ocrx_word' id='word_1_233' title='bbox 849 3328 899 3398; x_wconf 76' lang='grc' dir='ltr'><strong>ἐπὶ</strong></span> <span class='ocrx_word' id='word_1_234' title='bbox 921 3333 1021 3418; x_wconf 85' lang='grc' dir='ltr'><strong>τούτῳ</strong></span> <span class='ocrx_word' id='word_1_235' title='bbox 1045 3335 1106 3419; x_wconf 86' lang='grc' dir='ltr'><strong>γὰρ</strong></span> <span class='ocrx_word' id='word_1_236' title='bbox 1127 3331 1270 3413; x_wconf 70' lang='grc' dir='ltr'><strong>ἐγεγόνει</strong></span> <span class='ocrx_word' id='word_1_237' title='bbox 1290 3334 1368 3418; x_wconf 85' lang='grc' dir='ltr'><strong>πρός</strong></span> 
     </span>
     <span class='ocr_line' id='line_1_26' title="bbox 93 3453 1367 3544; baseline -0.001 -21"><span class='ocrx_word' id='word_1_238' title='bbox 93 3465 126 3524; x_wconf 79' lang='grc' dir='ltr'><strong>σὲ</strong></span> <span class='ocrx_word' id='word_1_239' title='bbox 151 3463 208 3523; x_wconf 84' lang='grc' dir='ltr'><strong>καί</strong></span> <span class='ocrx_word' id='word_1_240' title='bbox 232 3456 250 3524; x_wconf 86' lang='grc' dir='ltr'><strong>ό</strong></span> <span class='ocrx_word' id='word_1_241' title='bbox 274 3458 384 3544; x_wconf 76' lang='grc' dir='ltr'><strong>παρὼν</strong></span> <span class='ocrx_word' id='word_1_242' title='bbox 407 3465 463 3541; x_wconf 90' lang='grc' dir='ltr'><strong>τής</strong></span> <span class='ocrx_word' id='word_1_243' title='bbox 488 3455 653 3540; x_wconf 86' lang='grc' dir='ltr'><strong>βασιλείας</strong></span> <span class='ocrx_word' id='word_1_244' title='bbox 684 3477 744 3542; x_wconf 92' lang='grc' dir='ltr'><strong>μου</strong></span> <span class='ocrx_word' id='word_1_245' title='bbox 772 3453 913 3542; x_wconf 76' lang='grc' dir='ltr'><strong>ὁρισμός.</strong></span> <span class='ocrx_word' id='word_1_246' title='bbox 947 3453 1048 3542; x_wconf 82' lang='grc' dir='ltr'><strong>εἶχε</strong></span> <span class='ocrx_word' id='word_1_247' title='bbox 1076 3459 1139 3520; x_wconf 86' lang='grc' dir='ltr'><strong>τό·</strong></span> <span class='ocrx_word' id='word_1_248' title='bbox 1168 3459 1276 3544; x_wconf 82' lang='grc' dir='ltr'><strong>μηνί</strong></span> <span class='ocrx_word' id='word_1_249' title='bbox 1302 3456 1367 3522; x_wconf 86' lang='grc' dir='ltr'><strong>δε-</strong></span> 
     </span>
     <span class='ocr_line' id='line_1_27' title="bbox 10 3575 1367 3668; baseline 0 -21"><span class='ocrx_word' id='word_1_250' title='bbox 10 3605 11 3618; x_wconf 64' lang='grc'>’</span> <span class='ocrx_word' id='word_1_251' title='bbox 92 3581 264 3668; x_wconf 80' lang='grc' dir='ltr'><strong>κεβρίτρ</strong></span> <span class='ocrx_word' id='word_1_252' title='bbox 298 3579 383 3646; x_wconf 83' lang='grc' dir='ltr'><strong>ὶνδ.</strong></span> <span class='ocrx_word' id='word_1_253' title='bbox 420 3578 448 3667; x_wconf 86' lang='grc' dir='ltr'><strong>η’</strong></span> <span class='ocrx_word' id='word_1_254' title='bbox 482 3575 532 3646; x_wconf 89' lang='grc' dir='ltr'><strong>δι’</strong></span> <span class='ocrx_word' id='word_1_255' title='bbox 565 3577 773 3666; x_wconf 78' lang='grc' dir='ltr'><strong>ὲρυθρων</strong></span> <span class='ocrx_word' id='word_1_256' title='bbox 809 3583 1092 3667; x_wconf 79' lang='grc' dir='ltr'><strong>γραμμάτων</strong></span> <span class='ocrx_word' id='word_1_257' title='bbox 1126 3589 1205 3668; x_wconf 87' lang='grc' dir='ltr'><strong>τῆς</strong></span> <span class='ocrx_word' id='word_1_258' title='bbox 1242 3581 1367 3665; x_wconf 88' lang='grc' dir='ltr'><strong>βασι-</strong></span> 
     </span>
     <span class='ocr_line' id='line_1_28' title="bbox 89 3703 721 3792; baseline 0 -22"><span class='ocrx_word' id='word_1_259' title='bbox 89 3706 229 3792; x_wconf 84' lang='grc' dir='ltr'><strong>λικής</strong></span> <span class='ocrx_word' id='word_1_260' title='bbox 263 3709 343 3771; x_wconf 81' lang='grc' dir='ltr'><strong>καί</strong></span> <span class='ocrx_word' id='word_1_261' title='bbox 374 3703 512 3779; x_wconf 84' lang='grc' dir='ltr'><strong>θείας</strong></span> <span class='ocrx_word' id='word_1_262' title='bbox 547 3706 721 3792; x_wconf 86' lang='grc' dir='ltr'><strong>χειρός.</strong></span> 
     </span>
    </p>

    <p class='ocr_par' dir='ltr' id='par_1_3' title="bbox 89 3829 1367 4418">
     <span class='ocr_line' id='line_1_29' title="bbox 176 3829 1366 3917; baseline -0.003 -21"><span class='ocrx_word' id='word_1_263' title='bbox 176 3829 276 3898; x_wconf 80' lang='grc' dir='ltr'><strong>Κατὰ</strong></span> <span class='ocrx_word' id='word_1_264' title='bbox 305 3837 381 3909; x_wconf 82' lang='grc' dir='ltr'><strong>γοῦν</strong></span> <span class='ocrx_word' id='word_1_265' title='bbox 417 3829 471 3916; x_wconf 82' lang='grc' dir='ltr'><strong>τήν</strong></span> <span class='ocrx_word' id='word_1_266' title='bbox 498 3829 664 3915; x_wconf 81' lang='grc' dir='ltr'><strong>περίληψιν</strong></span> <span class='ocrx_word' id='word_1_267' title='bbox 694 3836 748 3893; x_wconf 89' lang='grc' dir='ltr'><strong>τού</strong></span> <span class='ocrx_word' id='word_1_268' title='bbox 776 3829 920 3893; x_wconf 88' lang='grc' dir='ltr'><strong>τοιούτου</strong></span> <span class='ocrx_word' id='word_1_269' title='bbox 949 3829 1117 3914; x_wconf 82' lang='grc' dir='ltr'><strong>βασιλικοῦ</strong></span> <span class='ocrx_word' id='word_1_270' title='bbox 1146 3837 1366 3917; x_wconf 83' lang='grc' dir='ltr'><strong>προσκυνητού</strong></span> 
     </span>
     <span class='ocr_line' id='line_1_30' title="bbox 91 3949 1367 4042; baseline -0.002 -22"><span class='ocrx_word' id='word_1_271' title='bbox 91 3953 224 4042; x_wconf 82' lang='grc' dir='ltr'><strong>ύρισμοδ</strong></span> <span class='ocrx_word' id='word_1_272' title='bbox 253 3955 340 4019; x_wconf 75' lang='grc' dir='ltr'><strong>κατὰ</strong></span> <span class='ocrx_word' id='word_1_273' title='bbox 375 3955 471 4017; x_wconf 87' lang='grc' dir='ltr'><strong>τόπον</strong></span> <span class='ocrx_word' id='word_1_274' title='bbox 504 3953 756 4038; x_wconf 88' lang='grc' dir='ltr'><strong>παραγενόμενοι</strong></span> <span class='ocrx_word' id='word_1_275' title='bbox 790 3955 846 4016; x_wconf 84' lang='grc' dir='ltr'><strong>καί</strong></span> <span class='ocrx_word' id='word_1_276' title='bbox 882 3949 1169 4040; x_wconf 85' lang='grc' dir='ltr'><strong>ἀναθεωρήσαντες</strong></span> <span class='ocrx_word' id='word_1_277' title='bbox 1196 3956 1300 4018; x_wconf 77' lang='grc' dir='ltr'><strong>πάντα</strong></span> <span class='ocrx_word' id='word_1_278' title='bbox 1328 3958 1367 4018; x_wconf 75' lang='grc' dir='ltr'><strong>τὰ</strong></span> 
     </span>
     <span class='ocr_line' id='line_1_31' title="bbox 92 4071 1367 4166; baseline -0.003 -22"><span class='ocrx_word' id='word_1_279' title='bbox 92 4083 252 4166; x_wconf 86' lang='grc' dir='ltr'><strong>προσόντα</strong></span> <span class='ocrx_word' id='word_1_280' title='bbox 280 4087 320 4165; x_wconf 75' lang='grc' dir='ltr'><strong>τη</strong></span> <span class='ocrx_word' id='word_1_281' title='bbox 347 4075 569 4163; x_wconf 84' lang='grc' dir='ltr'><strong>διαληρθείση</strong></span> <span class='ocrx_word' id='word_1_282' title='bbox 599 4086 681 4163; x_wconf 82' lang='grc' dir='ltr'><strong>μονή</strong></span> <span class='ocrx_word' id='word_1_283' title='bbox 705 4079 854 4163; x_wconf 84' lang='grc' dir='ltr'><strong>κτήματα</strong></span> <span class='ocrx_word' id='word_1_284' title='bbox 881 4079 1103 4163; x_wconf 85' lang='grc' dir='ltr'><strong>πεποιήκαμεν</strong></span> <span class='ocrx_word' id='word_1_285' title='bbox 1128 4071 1209 4163; x_wconf 80' lang='grc' dir='ltr'><strong>αύτή</strong></span> <span class='ocrx_word' id='word_1_286' title='bbox 1232 4075 1288 4140; x_wconf 82' lang='grc' dir='ltr'><strong>διὰ</strong></span> <span class='ocrx_word' id='word_1_287' title='bbox 1311 4083 1367 4162; x_wconf 90' lang='grc' dir='ltr'><strong>τής</strong></span> 
     </span>
     <span class='ocr_line' id='line_1_32' title="bbox 89 4197 1366 4291; baseline -0.003 -23"><span class='ocrx_word' id='word_1_288' title='bbox 89 4205 255 4291; x_wconf 80' lang='grc' dir='ltr'><strong>παρούσης</strong></span> <span class='ocrx_word' id='word_1_289' title='bbox 282 4202 447 4289; x_wconf 73' lang='grc' dir='ltr'><strong>ἀγγρόρου</strong></span> <span class='ocrx_word' id='word_1_290' title='bbox 473 4199 614 4285; x_wconf 74' lang='grc' dir='ltr'><strong>πράξεως</strong></span> <span class='ocrx_word' id='word_1_291' title='bbox 641 4204 787 4287; x_wconf 87' lang='grc' dir='ltr'><strong>περίορον</strong></span> <span class='ocrx_word' id='word_1_292' title='bbox 815 4203 872 4264; x_wconf 85' lang='grc' dir='ltr'><strong>καί</strong></span> <span class='ocrx_word' id='word_1_293' title='bbox 894 4204 1085 4286; x_wconf 84' lang='grc' dir='ltr'><strong>πρακτικόν,</strong></span> <span class='ocrx_word' id='word_1_294' title='bbox 1121 4198 1305 4276; x_wconf 77' lang='grc' dir='ltr'><strong>είσοίξαντες</strong></span> <span class='ocrx_word' id='word_1_295' title='bbox 1334 4197 1366 4264; x_wconf 82' lang='grc' dir='ltr'><strong>ἐν</strong></span> 
     </span>
     <span class='ocr_line' id='line_1_33' title="bbox 91 4321 1367 4418; baseline -0.003 -25"><span class='ocrx_word' id='word_1_296' title='bbox 91 4324 168 4418; x_wconf 81' lang='grc' dir='ltr'><strong>σύτή</strong></span> <span class='ocrx_word' id='word_1_297' title='bbox 197 4331 257 4394; x_wconf 81' lang='grc' dir='ltr'><strong>καὶ</strong></span> <span class='ocrx_word' id='word_1_298' title='bbox 283 4327 576 4411; x_wconf 72' lang='grc' dir='ltr'><strong>καταγραφόμενοι</strong></span> <span class='ocrx_word' id='word_1_299' title='bbox 603 4328 707 4389; x_wconf 79' lang='grc' dir='ltr'><strong>πάντα</strong></span> <span class='ocrx_word' id='word_1_300' title='bbox 735 4327 775 4389; x_wconf 90' lang='grc' dir='ltr'><strong>τά</strong></span> <span class='ocrx_word' id='word_1_301' title='bbox 804 4321 847 4399; x_wconf 81' lang='grc' dir='ltr'><strong>ιύς</strong></span> <span class='ocrx_word' id='word_1_302' title='bbox 882 4323 1005 4411; x_wconf 75' lang='grc' dir='ltr'><strong>εἴρηται</strong></span> <span class='ocrx_word' id='word_1_303' title='bbox 1033 4321 1266 4412; x_wconf 83' lang='grc' dir='ltr'><strong>ἀναντιρρήτως</strong></span> <span class='ocrx_word' id='word_1_304' title='bbox 1294 4325 1367 4389; x_wconf 84' lang='grc' dir='ltr'><strong>δια-</strong></span> 
     </span>
    </p>
   </div>
   <div class='ocr_carea' id='block_1_3' title="bbox 11 4437 1368 4556">
    <p class='ocr_par' dir='ltr' id='par_1_4' title="bbox 11 4437 1368 4556">
     <span class='ocr_line' id='line_1_34' title="bbox 11 4437 1368 4556; baseline -0.004 -37"><span class='ocrx_word' id='word_1_305' title='bbox 11 4437 14 4556; x_wconf 39' lang='lat' dir='ltr'><strong>&#39;l</strong></span> <span class='ocrx_word' id='word_1_306' title='bbox 90 4459 225 4543; x_wconf 77' lang='grc' dir='ltr'><strong>ηὲροντα</strong></span> <span class='ocrx_word' id='word_1_307' title='bbox 254 4462 294 4539; x_wconf 75' lang='grc' dir='ltr'><strong>τη</strong></span> <span class='ocrx_word' id='word_1_308' title='bbox 323 4451 458 4536; x_wconf 88' lang='grc' dir='ltr'><strong>τοιαύτη</strong></span> <span class='ocrx_word' id='word_1_309' title='bbox 494 4459 575 4538; x_wconf 84' lang='grc' dir='ltr'><strong>μονή</strong></span> <span class='ocrx_word' id='word_1_310' title='bbox 604 4447 770 4536; x_wconf 87' lang='grc' dir='ltr'><strong>οίαδήτινα</strong></span> <span class='ocrx_word' id='word_1_311' title='bbox 796 4451 960 4536; x_wconf 85' lang='grc' dir='ltr'><strong>κτήματα,</strong></span> <span class='ocrx_word' id='word_1_312' title='bbox 990 4444 1052 4513; x_wconf 85' lang='grc' dir='ltr'><strong>όσα</strong></span> <span class='ocrx_word' id='word_1_313' title='bbox 1079 4469 1113 4512; x_wconf 89' lang='grc' dir='ltr'><strong>τε</strong></span> <span class='ocrx_word' id='word_1_314' title='bbox 1137 4449 1264 4537; x_wconf 86' lang='grc' dir='ltr'><strong>δηλαδή</strong></span> <span class='ocrx_word' id='word_1_315' title='bbox 1289 4446 1368 4514; x_wconf 75' lang='grc' dir='ltr'><strong>ἔδω·</strong></span> 
     </span>
    </p>
   </div>
   <div class='ocr_carea' id='block_1_4' title="bbox 12 4565 1368 4790">
    <p class='ocr_par' dir='ltr' id='par_1_5' title="bbox 12 4565 1368 4790">
     <span class='ocr_line' id='line_1_35' title="bbox 12 4565 1366 4668; baseline -0.004 -23"><span class='ocrx_word' id='word_1_316' title='bbox 12 4565 14 4620; x_wconf 55' lang='lat'>3</span> <span class='ocrx_word' id='word_1_317' title='bbox 89 4581 238 4668; x_wconf 85' lang='grc' dir='ltr'><strong>ρήθησαν</strong></span> <span class='ocrx_word' id='word_1_318' title='bbox 272 4571 360 4663; x_wconf 77' lang='grc' dir='ltr'><strong>αὐτῇ</strong></span> <span class='ocrx_word' id='word_1_319' title='bbox 395 4573 449 4640; x_wconf 86' lang='grc' dir='ltr'><strong>διά</strong></span> <span class='ocrx_word' id='word_1_320' title='bbox 482 4584 706 4661; x_wconf 85' lang='grc' dir='ltr'><strong>προσκυνητων</strong></span> <span class='ocrx_word' id='word_1_321' title='bbox 740 4571 877 4660; x_wconf 78' lang='grc' dir='ltr'><strong>ὁρισμῶν</strong></span> <span class='ocrx_word' id='word_1_322' title='bbox 913 4581 967 4638; x_wconf 88' lang='grc' dir='ltr'><strong>τού</strong></span> <span class='ocrx_word' id='word_1_323' title='bbox 995 4581 1151 4658; x_wconf 82' lang='grc' dir='ltr'><strong>κραταιοῦ</strong></span> <span class='ocrx_word' id='word_1_324' title='bbox 1180 4577 1237 4639; x_wconf 82' lang='grc' dir='ltr'><strong>καί</strong></span> <span class='ocrx_word' id='word_1_325' title='bbox 1272 4569 1366 4654; x_wconf 82' lang='grc' dir='ltr'><strong>ἀγίου</strong></span> 
     </span>
     <span class='ocr_line' id='line_1_36' title="bbox 88 4695 1368 4790; baseline -0.005 -23"><span class='ocrx_word' id='word_1_326' title='bbox 88 4701 173 4790; x_wconf 75' lang='grc' dir='ltr'><strong>ήμῶν</strong></span> <span class='ocrx_word' id='word_1_327' title='bbox 200 4698 369 4771; x_wconf 82' lang='grc' dir='ltr'><strong>αύθὲντου</strong></span> <span class='ocrx_word' id='word_1_328' title='bbox 398 4701 453 4764; x_wconf 82' lang='grc' dir='ltr'><strong>καί</strong></span> <span class='ocrx_word' id='word_1_329' title='bbox 481 4699 651 4784; x_wconf 74' lang='grc' dir='ltr'><strong>βασιλέως,</strong></span> <span class='ocrx_word' id='word_1_330' title='bbox 682 4695 742 4764; x_wconf 83' lang='grc' dir='ltr'><strong>ύσα</strong></span> <span class='ocrx_word' id='word_1_331' title='bbox 771 4695 787 4762; x_wconf 92' lang='grc' dir='ltr'><strong>ό</strong></span> <span class='ocrx_word' id='word_1_332' title='bbox 812 4699 1058 4786; x_wconf 84' lang='grc' dir='ltr'><strong>καθηγούμενος</strong></span> <span class='ocrx_word' id='word_1_333' title='bbox 1088 4697 1285 4786; x_wconf 68' lang='grc' dir='ltr'><strong>ἐπεκτήσατο</strong></span> <span class='ocrx_word' id='word_1_334' title='bbox 1311 4701 1368 4764; x_wconf 85' lang='grc' dir='ltr'><strong>καί</strong></span> 
     </span>
    </p>
   </div>
   <div class='ocr_carea' id='block_1_5' title="bbox 0 0 1618 5296">
    <p class='ocr_par' dir='ltr' id='par_1_6' title="bbox 0 0 1618 5296">
     <span class='ocr_line' id='line_1_37' title="bbox 0 0 1618 5296; baseline 0 1"><span class='ocrx_word' id='word_1_335' title='bbox 0 0 1618 5296; x_wconf 95' lang='lat' dir='ltr'><strong> </strong></span> 
     </span>
    </p>
   </div>
  </div>
 </body>
</html>
