3168 5274
267 235 332 300 314

269 421 339 490 ούσι
375 424 665 510 συνεπεμαρτύρουν
701 423 756 488 καί
779 421 835 508 εὴν
857 421 958 488 πάλαι
983 375 1155 508 γενομίνην
1191 417 1392 506 ἀνταλλαγὴν
1427 418 1539 502 ἐπιβε-

270 551 390 632 βαίυυν,
419 546 583 636 είληφίναι
608 549 663 632 μίν
688 548 722 610 τύ
752 542 881 612 ἐκείνων
904 545 1061 626 λίγυντες,
1098 543 1280 612 ἀνπιύούναι
1301 544 1338 608 at
1362 553 1540 630 τηνικαῦτα

269 655 304 736 τύ
334 669 453 736 ἑαυτῶν
481 666 557 757 ὑπὲρ
595 665 631 734 ού
659 671 695 734 τύ
724 677 776 734 νύν
812 669 890 756 ἔχον
913 665 934 758 ἡ
959 668 1024 756 ίρις
1050 673 1214 755 κτκίνητο,
1244 666 1391 734 ἐντεῦθεν
1430 669 1542 753 κύριος

270 799 325 880 μὲν
350 793 568 881 ἀναμφίβολος
592 790 608 858 ὁ
633 801 688 858 τού
711 791 840 880 Λτίτρου
861 794 1025 880 προεστὼς
1048 801 1103 858 τού
1128 791 1287 880 ίπιμιίχου
1311 797 1432 879 χωρίου
1457 790 1542 855 ἀνθί-

268 940 333 992 κιυς
350 916 486 998 ἐγένετο,
510 919 565 1004 τὴν
581 914 719 1005 ἡσυχίαν
742 917 779 984 ύλ
803 915 834 981 οἱ
856 925 912 982 τού
935 915 1123 1003 Λαμπονίου
1143 913 1222 1004 ἡγον
1241 919 1325 1000 [καί]
1349 912 1409 982 ύπύ
1432 937 1539 980 κατα-

268 1043 361 1130 δίκην
390 1041 520 1116 είκύτυς
545 1040 673 1108 ίπιπτον
708 1044 864 1128 μάρτυρες
887 1038 967 1110 καθ’
990 1039 1123 1120 ίαυτύν,
1154 1039 1184 1106 οί
1206 1037 1245 1106 δι’
1270 1036 1367 1127 ύρκου
1391 1038 1466 1126 ίξὴς
1503 1041 1541 1102 τὰ

268 1164 388 1232 ίαυπιῖιν
411 1167 614 1252 κομίσασθαι
638 1166 680 1257 μὴ
706 1165 936 1251 βουληθίντες,
966 1163 1210 1252 ἀπαράγραππυι
1224 1162 1441 1253 ύιαφανύντες.
1469 1160 1540 1228 ἀλλ’

268 1287 286 1356 ὁ
315 1285 547 1375 εύλοιβίστατος
582 1287 751 1375 ἄνθρωπος
777 1293 834 1354 καί
858 1297 913 1376 της
939 1285 1079 1378 ἡσυχίας
1107 1285 1205 1362 ὄντος
1234 1285 1387 1375 ίρασεὴς,
1411 1285 1430 1352 ὁ
1455 1286 1541 1373 είρη-

269 1414 365 1502 μένος
390 1415 534 1501 μυναχύς
556 1411 710 1500 Γαβριὴλ,
732 1410 787 1480 ἰ’να
811 1414 854 1500 μὴ
878 1417 935 1478 καί
959 1410 1055 1488 αύθις
1079 1411 1237 1504 ύχλὴσεσι
1258 1417 1469 1500 περιπέσοιεν,
1495 1409 1541 1484 οίς

268 1536 389 1628 ἡσυχία
412 1540 503 1626 φίλον
526 1509 583 1604 καί
606 1539 642 1604 τύ
665 1535 848 1624 ἄπραγμον,
884 1535 1038 1613 είυθύτος
1067 1547 1122 1604 τού
1146 1544 1274 1624 μακροῦ
1297 1539 1414 1625 χρύνου
1437 1539 1541 1602 πάντα

268 1665 510 1751 περικαλύπτειν
544 1665 601 1728 καί
628 1659 792 1748 ἀμαυροῦν
827 1667 883 1728 καί
917 1665 958 1726 τίτ
986 1663 1057 1728 λίαν
1088 1659 1188 1742 ίστίν,
1223 1659 1277 1732 ὅτι
1311 1660 1452 1748 ίπίύηλα
1486 1660 1541 1745 τὴν

269 1789 369 1854 πύλαι
398 1790 571 1874 γενομένην
601 1783 804 1873 ἀνταλλαγὴν
832 1784 1071 1872 ἀπιβεβαιυσαι,
1095 1780 1194 1860 αὖθις
1222 1782 1338 1862 αύτούς
1366 1781 1539 1871 ἡρετίσατο

268 1916 403 2000 καὶτῆς
431 1909 476 1984 τίς
504 1911 540 1976 τύ
569 1911 657 1978 ύπιύν
682 1907 860 1998 ἀσφαλείας
882 1907 993 1976 ίνιιιτν
1022 1908 1139 1976 ίκατύν
1162 1907 1325 1978 ίπιύούναι
1344 1911 1538 1996 νομίσματα,

268 2037 401 2122 κίρύους
430 2035 552 2122 μαλλον
581 2031 710 2120 ίίμεινον
735 2004 941 2121 ἡγησάμενος
976 2034 1031 2122 τὴν
1058 2042 1222 2121 παροῦσαν
1252 2037 1384 2122 ζημίαν,
1413 2031 1482 2112 είγε
1507 2031 1539 2096 ίν

269 2158 389 2245 ύστίριρ
414 2158 559 2245 μίλλοιεν
583 2167 643 2224 τῶν
667 2157 792 2224 οἰκείων
817 2155 1033 2246 ἀπηλλάχθαι
1055 2158 1264 2246 φιλονεικιῶν,
1288 2154 1332 2234 ὥς
1353 2154 1391 2223 ἀν
1414 2157 1454 2222 δὲ
1479 2153 1540 2240 ἀμ-

270 2305 348 2372 μασι
375 2287 431 2350 καί
464 2283 593 2368 δεσμοῖς
622 2279 749 2356 ἀλύτοις
777 2285 820 2362 τίιι
844 2280 1136 2370 καταπεπραγμίνα
1154 2281 1410 2369 ,δυσεπιχείρητα
1434 2303 1459 2369 η
1486 2281 1540 2344 καί

270 2409 479 2486 δυσδιάλυτα,
515 2407 569 2494 τὴν
596 2401 755 2494 ἡμετίραν
778 2404 828 2472 ίπί
856 2407 978 2480 τούτοις
1006 2406 1166 2496 ίγγραφυν
1194 2404 1372 2494 ίίητὴσατο
1400 2408 1538 2490 γνώμην,

270 2537 310 2598 τά
337 2555 371 2596 τε
393 2529 457 2620 ἤδη
492 2531 666 2620 φθάσαντα
700 2533 855 2611 γενίσθαι
890 2532 1084 2616 βεβαιοῦσαν
1117 2535 1174 2596 καί
1197 2531 1254 2618 εὴν
1281 2529 1327 2606 είς
1360 2533 1396 2596 τύ
1421 2531 1538 2616 μίλλον

270 2659 387 2744 διαρκῆ
418 2658 517 2742 τούτῳ
544 2659 601 2720 καὶ
637 2653 838 2724 ἀθιείσειυτον
867 2663 922 2720 τού
949 2659 1069 2744 χορίου
1095 2655 1282 2724 δεσποτείαν
1310 2675 1539 2741 πραγματευο-

272 2783 401 2870 μίνοις,
422 2783 541 2870 γραφαί
569 2801 602 2844 τε
630 2777 680 2846 ἐπὶ
703 2781 825 2856 τούτοις
847 2789 908 2846 πεῖν
932 2788 987 2846 τού
1009 2777 1204 2867 Λαμπονίυυ·
1226 2776 1300 2869 ἡμῖν
1321 2779 1537 2868 ίπεύύθησαν.

269 2909 327 2972 καί
354 2905 393 2993 δὴ
424 2902 600 2971 ἀποστολαὶ
627 2913 687 2968 τῶν
714 2905 917 2992 δεησομίνυν
941 2881 1101 2984 ίγίνοντυ,
1133 2905 1189 2992 τὴν
1213 2903 1332 2972 ύαοτιῖν
1357 2908 1538 2993 συμφωνίαν
1571 2947 1572 2950 ¹

271 3031 447 3115 βεβαιῶσαι
473 3029 770 3115 προσλιπαροῦντες.
800 3027 822 3094 ἀ
850 3031 907 3115 μίν
935 3025 989 3094 υύν
1013 3026 1063 3096 ίπί
1089 3031 1209 3104 τούτοις
1231 3031 1350 3116 προύβη
1379 3035 1536 3118 σαφίυτε-

271 3157 325 3240 ρύν
352 3175 386 3218 τε
412 3157 471 3218 καί
493 3149 840 3238 ίπτξτργαστικύτερον
866 3149 887 3240 ἡ
910 3157 997 3240 παρὰ
1024 3173 1057 3220 τε
1086 3161 1142 3220 τού
1169 3155 1423 3244 θεοφιλεστάτου
1452 3150 1538 3242 ἡμῶν

270 3277 520 3364 χαρτοφύλακος
542 3279 600 3342 καί
623 3283 678 3342 τού
702 3271 774 3342 κατ’
800 3272 894 3345 αύτύν
920 3277 1256 3367 οεκρίτουύγγραφος
1276 3277 1448 3346 ίκτεθεῖσα
1472 3279 1538 3344 δια·

272 3400 584 3486 γυρεύειιπροτρσπὴ
611 3404 668 3464 καί
703 3403 956 3480 συγκατάθεσις,
985 3399 1116 3490 ἀρίστην
1144 3405 1180 3470 θλ
1208 3407 1265 3468 καί
1291 3400 1382 3492 ἡμεῖς
1408 3409 1469 3470 καί
1492 3404 1538 3468 ίτί

273 3524 315 3610 τῷ
338 3533 392 3588 τού
417 3521 603 3610 Λαμπονίου
627 3525 750 3609 μᾶλλον
773 3529 961 3612 συμφίρυντι
981 3528 1037 3614 τὴν
1059 3535 1224 3614 παροῦσαν
1247 3529 1356 3614 πρᾶξιν
1381 3526 1466 3594 εἶναι
1487 3548 1538 3592 νο-

176 3635 177 3638 “
274 3653 436 3735 μύσαντες,
463 3648 518 3712 διὰ
552 3649 645 3735 τὴςθε
679 3645 768 3737 ἡμῶν
791 3659 848 3738 τῆς
871 3648 1032 3740 ίγγράφου
1059 3661 1239 3740 προτροπῆς
1269 3650 1479 3739 θπικυρούμεν
1502 3655 1537 3716 τά

272 3772 345 3858 παρ’
374 3769 476 3836 αύτῶν
510 3777 802 3860 καταπεπραγμίνα
829 3779 886 3842 καί
915 3777 1030 3862 βίβαια
1059 3775 1114 3852 τίς·
1128 3780 1163 3843 τύ
1187 3777 1305 3864 μίλλον
1332 3781 1390 3843 καί
1417 3773 1538 3864 ἀρραγῆ

273 3899 434 3983 θιαμίνειν
461 3899 730 3984 παρεγγύιεμτθα,
755 3903 843 3986 παρὰ
866 3899 1005 3988 μηθενός
1034 3919 1117 3976 τινος
1140 3911 1201 3968 τῶν
1225 3902 1264 3967 ίκ
1287 3911 1343 3990 τῆς
1366 3909 1422 3968 τού
1444 3900 1537 3986 Λαμ-

273 4026 385 4087 πονίου
420 4030 520 4108 μονῆς
542 4017 621 4087 καθ’
653 4020 831 4110 υίονδήτινα
855 4029 969 4112 τρόπον
1004 4026 1213 4114 δυνησόμεθα
1237 4047 1313 4094 ποτε
1349 4035 1414 4100 τοῖς
1437 4021 1536 4108 ίνειγῖ

274 4141 339 4232 ύρει
363 4147 455 4233 δίκην
479 4146 590 4232 λαχεῖν
613 4145 634 4234 ἡ
658 4148 713 4234 τὴν
737 4143 890 4214 ύπύθεσιν
914 4145 1011 4225 αύθις
1035 4147 1194 4217 ἀνακινεῖν
1214 4155 1274 4217 καί
1296 4153 1458 4239 θορύβους
1481 4146 1536 4214 αί-

274 4277 334 4334 τῶν
358 4269 399 4354 tq}
424 4266 549 4357 ἡσυχίη)
573 4281 629 4359 τῆς
653 4273 766 4360 βιιυτης
789 4271 846 4338 καὶ
870 4271 1050 4362 ἀπράγμονι
1071 4275 1237 4362 προξενεῖν·
1262 4273 1279 4342 θ
1302 4284 1446 4350 τοιούτυς
1471 4277 1536 4359 γὰρ,

275 4389 361 4466 ὅστις
389 4399 464 4458 ποτὲ
490 4393 551 4482 τίη,
577 4391 614 4462 ού
639 4399 735 4483 μόνον
763 4395 903 4484 ἀνὴκοος
926 4395 988 4465 ἀπὸ
1010 4401 1128 4474 παντὸς
1157 4398 1362 4488 ἀποβληθείη
1387 4401 1537 4484 δικαστη-

275 4519 351 4600 ρίου,
377 4515 461 4582 ἀλλά
485 4518 627 4594 καὶτοῖς
646 4521 680 4586 ύν
703 4532 743 4609 τη
767 4520 916 4611 ίγγροίφιρ
941 4521 1043 4590 αὐτῶν
1065 4523 1227 4612 ἀσφαλείᾳ
1246 4523 1444 4611 ίγκειμίνοις
1468 4522 1537 4589 ύκο-

274 4652 416 4708 πεσεῖται
451 4648 644 4728 προστίμοις.
675 4641 800 4734 ίγράφη
827 4651 882 4711 καί
907 4646 939 4724 ἐν
974 4645 1178 4736 ύπυμνὴμασι
1202 4649 1333 4735 ἐξετέθη
1361 4652 1416 4712 καί
1441 4669 1534 4734 σφρα-
