3140 5306
1210 259 1273 322 255

40 451 124 512 τούτου
147 436 214 532 τίτί·
236 449 400 533 βασιλιίας
428 471 503 537 μου,
534 447 612 516 ὅθεν
634 455 690 516 καί
714 452 883 537 διορίξιταί
911 472 962 516 σοι
984 447 1004 538 ἡ
1029 451 1176 536 βασιλεία
1201 472 1271 534 μου,

40 567 119 644 ἀςάν
139 574 282 660 τηρήσῃς
304 573 340 638 τύ
362 575 539 659 πρακτικὸν
562 583 617 660 της
638 583 747 661 μονῆς,
772 570 856 640 ἀλλὰ
878 573 917 662 δη
940 575 996 639 καί
1018 576 1053 640 τύ
1077 575 1271 660 χρυσύβοολ-

38 696 86 772 λον,
104 693 159 759 καὶ
182 694 408 784 οίκονομήοης,
431 695 543 784 ἵναμὴ
570 694 701 784 εὑρίσκῃ
718 695 844 762 ἀδικίαν
868 696 887 786 ἢ
909 698 1096 763 δυναστείαν
1120 695 1140 784 ἢ
1165 693 1269 783 ὄχλη-

39 841 70 881 ειν
91 822 171 904 ταρά
199 839 282 892 τινος
310 818 354 894 εἰς
381 829 496 896 ταῦτα,
522 818 605 885 ἀλλὰ
629 826 778 907 κατάχεον
807 817 887 886 αύτά
911 818 1145 908 ἀνενοχλητιος,
1173 823 1209 885 τό
1233 821 1268 884 δὲ

39 947 107 1027 μέρος
131 951 185 1006 τοτ’)
207 945 431 1028 αανσεβσίστοο
455 945 596 1030 μεγάλου
620 945 829 1030 δρουηηαρίου
855 953 910 1010 τοῦ
938 947 1124 1010 θεοσιύστου
1153 944 1268 1008 στόλου

37 1073 73 1151 τῆς
91 1067 251 1148 βασιλείας
275 1089 345 1152 μου,
372 1066 456 1133 ἀλλὰ
479 1067 519 1154 δη
543 1071 599 1132 καί
622 1079 681 1132 των
704 1066 955 1154 Ταρχανειιιτῶν
978 1065 1160 1154 ἀκιρωνήση
1185 1065 1265 1130 ἀτεί-

36 1209 83 1272 χειν
105 1187 211 1253 τέλεον
238 1198 293 1254 τοῦ
323 1187 442 1256 ἀδικεῖν
469 1197 525 1256 καί
553 1192 751 1256 πλεονεκτεῖν
777 1192 832 1278 την
860 1191 957 1278 μονὴν
981 1189 1026 1266 τίς
1049 1195 1088 1256 τὰ
1115 1193 1264 1276 κτήματα

38 1305 105 1397 αὐτῆς
125 1309 144 1398 ἢ
167 1316 388 1400 κατακάμνειν
404 1317 554 1402 χωράρια
577 1317 703 1402 ταύτης,
729 1315 771 1401 μή
796 1312 996 1400 βουλομένων
1020 1323 1079 1378 τῶν
1104 1323 1264 1400 μοναχῶν.

36 1439 135 1520 τοίητον
163 1432 220 1501 οὖν
248 1441 332 1502 κατὰ
356 1440 408 1504 τύν
436 1437 576 1524 παρόντα
604 1447 659 1526 της
689 1438 854 1521 βασιλείας
879 1459 939 1524 μου
967 1434 1106 1524 ύρισμόν,
1131 1441 1188 1503 καί
1210 1437 1266 1500 δε-

38 1561 132 1642 ρίνδεοε
159 1561 235 1633 τούς
263 1561 425 1648 μοναχούς
459 1559 504 1634 είς
537 1563 573 1626 τύ
602 1561 644 1646 μὴ
681 1557 836 1647 εὑρίσκειν
866 1558 993 1626 ἀδικίαν
1020 1559 1040 1648 ἡ
1072 1557 1216 1646 ἀρκτοι-την
1242 1557 1263 1646 ἢ

38 1682 182 1757 τλεονεξίαν
207 1683 253 1756 τίς
277 1687 316 1748 τά
339 1687 488 1772 κτήματα
504 1679 615 1761 αύτων,
642 1681 724 1758 ὅπως
746 1694 859 1750 ποιῶσι
874 1693 965 1750 τοῦτο
989 1683 1045 1749 καὶ
1069 1682 1099 1750 οί
1122 1686 1201 1770 μετὰ
1225 1687 1263 1748 σὲ

37 1803 265 1894 διενιρηήσοντες,
282 1819 322 1896 τη
342 1805 498 1894 ἐμφανείιμ
513 1817 568 1872 τοῦ
583 1812 737 1894 παρόντος
753 1797 884 1895 ὁρισμοῦ
899 1817 955 1896 τῆς
973 1809 1137 1892 βασιλείας
1155 1829 1215 1894 μου
1230 1809 1261 1886 †.

94 1945 255 2034 ξΕἶχε
300 1949 357 2012 τύ·
397 1945 504 2036 μηνί
546 1947 707 2033 ίουνίιρ
744 1947 826 2016 ὶνδ.
869 1948 918 2014 ιδ’
954 1950 1006 2014 δι’
1050 1949 1259 2036 ίροδριῐνν

19 2063 1163 2160 ιιρομμάεοντῆςβασιλικηςκαίθείαςχειρδςξ.

257 2350 361 2421 CLXI.
377 2352 453 2420 Sine
470 2335 561 2434 οοοο,
578 2375 684 2422 mense
700 2353 865 2437 ίοδεοέιείο,
882 2351 948 2422 ἰού.
964 2353 1004 2424 II.

73 2498 311 2572 imperatorium
327 2504 436 2558 imolas
453 2503 555 2559 Barac
570 2505 707 2560 subiectos
722 2513 749 2558 τί
764 2503 930 2559 tributarios
945 2523 1004 2560 εειε
1018 2509 1195 2562 monasterio.

19 2735 20 2750 ρ
95 2653 1259 2743 ξΠρόσταγμτιδιάτούςἀποίκουςτηςΒάρηςύις

40 2769 203 2844 ἀττιύιῖνν
228 2776 467 2842 ὄντωνίνα
491 2781 764 2864 ξημιωύῶσι
788 2781 817 2859 ξ’.

94 2918 211 2996 βἘκεί
235 2915 425 3006 ύοτεμνηαύη
449 2931 487 3007 τῇ
512 2922 658 3004 βασιλεία
688 2943 748 3006 μου
771 2923 859 3005 παρὰ
882 2931 941 2984 τῶν
966 2930 1114 3006 μοναχῶν
1137 2929 1197 2984 τῶν
1221 2917 1254 2983 ἐν

40 3048 141 3128 τηρονη
163 3053 216 3108 τού
241 3041 374 3128 Λίμβου
402 3040 621 3130 ἀσκουμένων,
646 3041 688 3116 ὡς
712 3042 741 3108 οί
765 3043 889 3108 ἔποικοι
912 3051 966 3107 τοῦ
989 3047 1109 3128 χωρίου
1134 3039 1253 3128 Βάρης,

40 3155 87 3247 ὅπερ
109 3142 214 3252 ἔχουσι
244 3168 298 3231 διὰ
325 3167 568 3253 χρυσοβούλλων
597 3177 652 3232 τοῦ
676 3189 709 3230 τε
734 3164 881 3252 ἀοιδίμου
905 3165 1060 3250 βασιλέως
1083 3169 1139 3230 καί
1160 3168 1253 3230 θείου

40 3293 72 3369 τῆς
84 3290 231 3369 βασιλείας
257 3313 327 3376 μου,
351 3299 447 3376 κοροῦ
471 3290 614 3356 Ἰωάννου
638 3299 693 3354 τοῦ
717 3289 833 3366 Δούκα,
858 3294 913 3353 καί
936 3289 989 3353 διὰ
1012 3289 1252 3374 χρυσοβούλλου

41 3416 73 3492 ῑῆς
91 3413 241 3493 βασιλείας
265 3437 339 3500 μου,
372 3411 475 3478 ἔτιδὲ
498 3418 554 3478 καί
576 3411 616 3478 δι’
640 3411 775 3498 ὁρισμῶν
800 3415 958 3500 διαφόρων
981 3416 1037 3478 καί
1060 3423 1251 3496 πρακτικῶν,

39 3525 64 3591 ύν
82 3531 193 3624 ἐποίησε
228 3539 352 3611 τούτοις
381 3535 398 3602 ύ
426 3535 576 3624 Ἀῑτάνης
609 3535 665 3602 καὶ
693 3535 710 3601 ύ
739 3535 889 3619 Σβάδεος,
925 3531 961 3599 ού
994 3539 1161 3602 πείθονται
1188 3547 1252 3610 τοῖς

40 3658 148 3732 τοιούτοις
174 3671 337 3747 μοναχοίς,
364 3664 421 3726 καί
444 3661 478 3723 τύ
504 3657 622 3745 ἀνῆκον
646 3661 755 3732 τίλους
779 3663 873 3745 χάριν
896 3661 1111 3743 καταβάλλειν
1135 3657 1171 3725 ού
1193 3661 1251 3724 δὲ-

39 3772 118 3846 λιοοιν.
142 3782 186 3848 ἔτι
213 3785 251 3848 δὲ
277 3785 356 3869 πρὸς
383 3783 426 3869 τῷ
453 3784 495 3870 μὴ
531 3792 622 3848 τοῦτο
657 3783 780 3848 διδόναι
807 3781 879 3857 τούς
906 3783 1065 3856 τοιούτους
1093 3784 1251 3848 κωλύουσι

41 3901 74 3961 κοί
89 3905 148 3977 τούς
169 3903 230 3972 ἀαό
248 3908 337 3994 ξένης
360 3905 516 3978 ἐλύύντας
538 3903 592 3970 καί
615 3902 718 3970 ἐκεῖσε
740 3909 1023 3992 προσκαθίσαντας
1047 3902 1249 3992 εύγνειμύνως

42 4016 124 4089 ίιδίναι
143 4032 175 4094 τὸ
198 4027 317 4117 ἀνῆκον
346 4026 442 4117 αὐτῇ,
471 4026 542 4094 ούτε
571 4029 607 4093 δὲ
635 4039 674 4116 τη
703 4030 835 4116 συνήθει
869 4025 1029 4114 ἀγγαρείοι
1057 4024 1256 4094 ύιεοκείσθαι-

42 4142 160 4234 ύίλοοσιν,
186 4149 251 4220 οὔτ’
280 4153 360 4220 ἀλλο
388 4177 418 4218 τι
443 4163 542 4218 τοιεῖν
569 4151 719 4218 ὲύίλουσι
745 4163 806 4217 τῶν
829 4148 891 4217 ὅσα
914 4148 973 4218 ύτύ
999 4155 1167 4236 ιταροικίαν
1194 4173 1245 4224 τε·

42 4263 135 4337 λιύντον
153 4287 301 4360 τοιούσιν,
325 4274 345 4365 ἡ
370 4277 518 4362 βασιλεία
534 4297 594 4364 μου
618 4285 678 4339 τῶν
703 4285 850 4362 μοναχτῑιν
875 4273 1104 4360 ἀκροασαμίνη
1127 4279 1182 4340 καί
1205 4272 1246 4347 ὡς

44 4385 133 4474 ύλοτον
156 4400 208 4488 τὴν
230 4403 347 4467 τούτων
371 4397 494 4488 αἴτησιν
515 4402 756 4486 κροσηκαμένη,
781 4383 951 4482 διορίζεται
975 4399 1027 4478 διά
1050 4407 1105 4484 τῆς
1127 4399 1248 4482 παρού-

44 4529 79 4597 ίης
95 4527 293 4604 προστάξεως,
322 4519 514 4590 ύποκεῖσύαι
540 4522 614 4595 τούς
642 4523 801 4594 τοιούτους
827 4525 941 4607 χωρίου
963 4521 1071 4607 Βάρης
1100 4519 1247 4596 ἀποίκους

45 4643 143 4730 ‘ww
164 4657 220 4713 τῶν
243 4647 378 4732 Λίμβων
401 4651 456 4712 καί
479 4647 601 4713 διδόναι
623 4648 703 4731 πρὸς
726 4639 840 4718 αύτούς
864 4645 899 4708 τύ
924 4642 1041 4730 ἀνῆκον
1065 4642 1165 4723 τέλος,
1189 4647 1245 4731 την
