3190 5284
255 218 318 282 104

339 405 469 487 γἘπεὶ
503 407 542 470 τὰ
567 402 682 468 ἐλαϊκὰ
717 405 831 489 δένδρα
855 407 894 468 τὰ
918 405 1105 489 διακείμενα
1141 405 1173 468 ὲν
1198 415 1236 490 τῇ
1272 406 1449 486 τοποθεοίογ
1489 408 1539 468 τὰ

216 618 220 624 ¹
252 531 314 598 ἀπὸ
343 538 398 596 τοῦ
427 529 484 615 οὐρ
513 527 782 614 Ἀδὰμδοθέντα
811 526 843 592 ἐν
867 539 905 614 τῇ
935 529 1096 614 ατβαομίορ
1119 539 1200 614 μονῇ
1225 539 1284 592 τῶν
1308 527 1444 614 Λίμβιυν
1468 528 1540 592 καί.

253 657 333 742 μετὰ
356 662 466 718 τοῦτον
489 653 584 718 πάλιν
609 650 639 716 οἱ
662 655 747 716 κατὰ
770 653 901 737 καιροῦς
925 654 1123 737 κυριεύοντες
1147 656 1187 718 τὰ
1210 661 1265 717 τοῦ
1290 656 1386 717 τόπου
1411 651 1538 737 ἔατερ·

254 799 311 858 γον
333 779 389 864 τήν
413 784 467 842 τοῦ
497 776 554 860 σῦρ
578 773 685 860 Ἀδὰμ
709 772 832 839 ἐκείνου
861 775 992 860 δωρεὰν,
1018 779 1140 858 στέργω
1163 779 1220 840 καί
1243 773 1306 854 ἐγὼ
1330 777 1456 862 ταύτην,
1486 773 1539 846 ὣς

251 899 304 967 ἵνα
328 901 392 987 ἔχῃ
415 897 435 987 ἡ
460 901 622 985 αεβασμία
646 899 725 984 μονὴ
750 901 790 964 τὰ
814 899 930 964 ἑλαϊκὰ
953 899 1068 984 δένδρα
1092 903 1232 985 ψυχικῆς
1257 921 1317 983 μου
1340 897 1437 964 ἕνεκα
1462 921 1539 964 σιο-

251 1028 375 1112 τηρίας,
401 1024 443 1109 μὴ
468 1021 634 1109 ἔχειντὴν
659 1030 818 1107 τυχοῦσαν
835 1022 986 1096 διοίοτιξιν
1011 1019 1073 1086 ἀπὸ
1097 1032 1157 1086 τῶν
1181 1023 1423 1106 διενεργοῦντινν
1448 1017 1536 1108 ὑπὲρ

253 1148 342 1232 ἱροῦ.
373 1147 427 1212 διὰ
462 1149 523 1232 γὰρ
547 1154 639 1210 τοῦτο
675 1145 818 1224 ἐγεγόνει
841 1148 897 1208 καί
920 1147 955 1210 τῦ
979 1147 1079 1229 παρὸν
1102 1141 1254 1231 ἡμέτερον
1290 1148 1432 1231 γράμμα,
1471 1149 1537 1211 καί

253 1269 396 1356 ἐπεδόθη
421 1279 459 1356 τῇ
484 1269 671 1355 δηλωθείσγγ
701 1279 783 1354 μονῇ
812 1265 857 1340 εἰς
887 1264 1073 1355 ἀσφάλειαν.
1101 1272 1207 1354 μηνί
1231 1275 1536 1355 ρεορουαρίιρ

252 1391 333 1458 ίνδ.
358 1393 384 1456 δ’
410 1395 444 1472 †.

342 1531 426 1614 †‘0
453 1533 724 1606 δοῦλοςτοῦ
759 1540 992 1618 κραταιοῦ
1021 1537 1100 1596 καί
1135 1529 1271 1611 ἁγίου
1305 1529 1426 1620 ἡμῶν
1461 1531 1539 1598 αδ·

255 1655 426 1722 θίντου
454 1660 533 1721 καί
563 1656 796 1740 βασιλέως
823 1639 1180 1728 Κυνστοιντῐνος
1204 1653 1384 1730 Λοῦκας
1409 1653 1425 1720 δ
1449 1655 1537 1724 Νε-

256 1781 514 1858 οτῦγγοςγ.

654 2041 761 2108 XLVI.
777 2041 854 2108 Sine
870 2063 953 2109 ευυο
969 2049 1133 2110 otmense.

569 2189 749 2245 Μοπαιίινίο
764 2191 928 2246 venduntur
943 2192 1034 2248 olivae
1050 2201 1075 2246 εί
1090 2211 1219 2263 quercus.

347 2339 438 2422 †T‹3
462 2342 1083 2430 πρατήριονίγγραφοντιῦν
1107 2341 1541 2431 ἐλαϊκιῦνδίνδρων

256 2471 333 2528 τοῦ
361 2463 546 2530 Γατανᾱ
574 2465 810 2551 Γεωργίου
838 2469 917 2530 καί
943 2465 1304 2534 Κωναταντίνου
1332 2478 1407 2533 τοῦ
1437 2469 1542 2535 Διο-

259 2599 461 2675 σορηνοῦ
496 2593 526 2670 γ

345 2732 365 2808 †
389 2726 495 2815 Ἡμεῖς
525 2727 555 2794 οἱ
583 2729 655 2802 τοῦς
684 2736 804 2817 τιμίους
834 2735 890 2794 καί
920 2732 1094 2805 ίωυποιοῦς
1123 2733 1278 2818 σταυροῦς
1306 2729 1454 2798 κάτωθεν
1483 2732 1540 2812 ἐγ-

256 2853 453 2938 χαράξαντες
483 2854 538 2940 τὴν
561 2862 725 2938 παροῦσαν
762 2855 920 2942 ἔγγραφον
944 2857 1098 2940 καθαράν
1126 2878 1160 2920 τε
1188 2859 1245 2920 καί
1267 2857 1390 2920 τελείαν
1417 2867 1539 2941 πρᾶαιν

256 2977 419 3061 τιθέμεθα
454 2981 510 3040 καί
537 2985 688 3062 ποιοῦμεν
716 2980 793 3062 πρὸς
817 2979 872 3064 τήν
903 2979 1082 3063 αεβααμίαν
1118 2975 1212 3058 ἁγίαν
1237 2979 1404 3065 βασιλικὴν
1435 2981 1540 3066 μονὴν

257 3109 318 3162 τῶν
341 3097 478 3185 Λέμβων
497 3099 541 3172 εἱς
565 3103 604 3164 τὰ
628 3104 742 3178 γονικίι
765 3095 853 3188 ἡμῶν
878 3099 994 3166 ἐλαϊκοί
1018 3102 1142 3186 δένδρα,
1167 3104 1349 3187 ποοοῦμενα
1373 3103 1455 3166 δέκα
1480 3107 1540 3166 καί

258 3222 334 3305 δρῦν
361 3219 420 3286 ἕνα
449 3219 498 3288 ἐπί
527 3226 680 3310 τιμήματι
709 3219 869 3308 θπὲρπυρα
893 3225 974 3288 δέκα
998 3227 1193 3290 κατενώπιον
1220 3224 1345 3289 πολλῶν
1371 3227 1539 3310 μαρτύριον

259 3350 315 3410 καί
339 3355 394 3410 τοῦ
420 3345 560 3435 ἀδελφοῦ
586 3343 693 3424 αὐτοῦ,
718 3345 934 3433 ἱερομονοίχου
958 3347 1132 3414 Θεοδοσίου
1157 3352 1187 3429 †.

347 3469 640 3548 ’[Θεοδόαιος
668 3468 965 3557 ἱερομόναχος
996 3482 1223 3558 μαρτυρῶν
1252 3467 1482 3558 ῦπέγραψα
1506 3478 1537 3554 †.

514 3769 635 3837 XLVII.
655 3770 731 3837 Sine
747 3791 841 3847 anno,
859 3789 965 3836 mense
981 3769 1149 3850 februario,
1166 3771 1231 3838 ind.
1248 3771 1286 3838 Π.

419 3915 541 3972 Μακκεί
557 3917 660 3972 Βυοαε
675 3923 849 3974 monasterio
864 3921 1014 3990 confirmat
1029 3919 1147 3974 liberam
1161 3923 1376 3991 ροεεεειίονιτικ.

352 4083 588 4172 ’γΓροίμμα
613 4093 689 4150 τοῦ
714 4085 1032 4172 Δοῦκακοροῦ
1056 4086 1369 4176 Μανουὴλτοῦ
1393 4091 1540 4156 Δοῦκα

264 4213 512 4295 χάριντῶν
546 4215 796 4298 χωραρίιον
831 4218 908 4274 τοῦ
936 4209 1155 4297 Ποταμοῦ
1184 4210 1264 4276 καὶ
1292 4221 1370 4299 τῆς
1398 4211 1540 4280 Μονο-

264 4335 439 4398 πεῦκοο
473 4339 503 4414 γ

356 4474 480 4554 γἚπεί
498 4476 777 4563 αυνεδριάαθημεν
801 4479 881 4562 μετὰ
902 4485 956 4542 τοῦ
972 4479 1224 4563 καθηγουμένου
1240 4482 1296 4544 καί
1312 4489 1372 4542 τιῦν
1389 4489 1541 4566 μοναχῶν

268 4607 325 4682 τῆς
351 4598 530 4684 οεβααμίας
560 4599 728 4685 βαοιλικῆς
753 4609 850 4685 μονῆς
873 4609 928 4687 τῆς
959 4596 1135 4685 ὑπεράγνυυ
1160 4624 1312 4687 μου
1337 4606 1393 4666 καί
1416 4601 1541 4690 θεομή-
