3228 5296
222 201 266 270 vl

224 394 256 460 in
268 393 427 481 principio
444 399 538 482 etque
554 393 630 462 alibi
647 393 783 476 mutilus,
801 399 986 481 constatque
1002 413 1086 460 nuuc
1100 391 1187 459 foliis
1202 391 1349 459 ducentis
1365 389 1501 477 triginta

225 517 372 604 quinque,
395 526 427 584 et
447 518 487 584 ab
509 517 646 605 Augerio
666 517 862 591 anbeclrio.
880 524 915 584 ut
933 516 1005 604 ipse
1031 515 1125 583 solita
1144 514 1291 604 propriae
1309 534 1422 582 manns
1445 511 1501 578 in-

226 639 396 728 scriptione
417 646 557 722 testatnr,
586 641 659 708 olim
679 641 741 708 fuit
763 647 962 727 comparatus
990 637 1272 726 Constantinopoli.
1300 637 1503 704 continentur

227 782 263 829 eo
280 761 453 850 diplomata
469 783 526 830 ces.
548 763 740 850 pertinentia
754 763 796 830 ad
811 763 973 848 originem,
987 762 1225 840 incrementum,
1241 758 1424 860 privilegia,¹
1436 757 1502 826 do·

224 862 417 954 nationeset
433 893 610 954 contractus
622 885 715 952 liberi
731 885 904 972 imperialis
924 883 1105 952 monasterii
1129 882 1333 950 beatissimae
1355 880 1502 968 Virginis

224 1008 380 1098 Deiparae
391 1009 424 1075 in
437 1009 665 1077 monteLembo
677 1007 765 1096 apud
774 1007 1064 1095 nrbemSmyrnam.
1077 1005 1283 1094 dignissimus
1295 1005 1436 1093 prosecta
1448 1011 1503 1072 est

224 1139 310 1200 totns
325 1131 379 1198 hic
393 1129 687 1220 praestantissimus
708 1129 822 1213 codex,
846 1138 881 1197 nt
896 1151 916 1197 a
931 1129 1035 1218 capite
1051 1129 1092 1196 od
1112 1129 1233 1196 calcem
1252 1127 1501 1216 diligentissime

226 1253 433 1342 perlustretnr
460 1261 493 1322 et
511 1253 617 1322 omnia
637 1273 673 1321 so
702 1252 931 1342 comprehensa
957 1251 1131 1342 diplomata
1149 1272 1169 1320 a
1189 1251 1285 1320 verbe
1305 1250 1348 1320 ad
1369 1250 1502 1320 verbnm

226 1377 460 1444 studiosissime
483 1376 687 1465 perlegantur
702 1384 733 1444 et
748 1384 894 1444 accurate
910 1374 1158 1442 considerentur.
1179 1373 1265 1462 quod
1281 1373 1357 1442 licet
1376 1374 1504 1461 absque

228 1500 335 1584 magni
351 1499 471 1567 laboris
494 1498 641 1567 taediosa
660 1497 860 1584 longitudine
884 1518 947 1564 non
962 1497 1101 1586 potuerit
1115 1496 1197 1578 fieri,
1222 1517 1291 1564 eam
1311 1503 1416 1565 tamen
1430 1517 1503 1564 mo-

228 1622 353 1690 lestiam
379 1621 500 1690 utilitas
527 1622 602 1689 inde
629 1629 819 1709 proventura
844 1623 980 1688 ubertim
1006 1621 1234 1710 compensabit,
1257 1627 1426 1708 postquam
1448 1637 1505 1686 res

229 1745 301 1833 ipse
319 1745 500 1828 testabitur,
529 1754 593 1812 tam
614 1746 777 1833 profanam
798 1764 892 1831 qnam
912 1743 1160 1811 ecclesiasticam
1185 1741 1309 1832 imperii
1336 1742 1505 1810 orientalis

233 1867 396 1936 historiam
417 1861 570 1935 beneficio
586 1867 716 1934 istorum
737 1867 941 1953 diplomatum
957 1865 1187 1934 incredibiliter
1207 1866 1401 1935 illustratum
1415 1865 1454 1932 iri
1471 1873 1508 1934 et

234 1990 361 2078 quidem
376 1991 574 2077 potissimum
588 1995 737 2076 respectu
752 1989 974 2074 chronologiae
989 1989 1185 2077 aliarumque
1200 1987 1422 2057 historicarum
1438 1989 1506 2058 cir-

234 2113 499 2195 cumstantiarum,
512 2132 595 2198 qnae
609 2111 672 2177 iam
687 2112 864 2178 memoratis
881 2109 1106 2198 diplomatibus
1121 2111 1257 2179 fideliter
1267 2113 1406 2181 insertae
1417 2121 1504 2183 snut

232 2236 360 2303 minime
381 2235 474 2302 etiam
494 2233 622 2301 dubium
639 2241 701 2306 est,
723 2233 799 2320 quin
814 2232 867 2300 hio
882 2235 952 2321 ipse
968 2234 1066 2302 ooder
1087 2235 1161 2302 olim
1177 2235 1209 2300 in
1226 2236 1297 2322 ipso
1313 2236 1507 2304 monasterio

232 2357 317 2445 apud
336 2358 506 2446 Smyrnam
532 2357 729 2444 conscriptos
750 2364 782 2424 et
796 2357 838 2424 ad
853 2349 1035 2444 perpetuam
1060 2357 1238 2426 memoriam
1254 2357 1301 2425 ibi
1317 2357 1508 2430 adsentatus

231 2479 357 2547 fuerit“.

317 2655 359 2722 At
396 2655 425 2736 si
455 2654 539 2722 huno
566 2652 707 2725 codicem
734 2654 894 2739 integrum
922 2655 1100 2742 evulgando
1133 2655 1272 2723 laborem
1298 2661 1408 2744 (quem
1437 2658 1508 2726 ior-

227 2786 314 2846 tasse
340 2778 516 2864 improbum
535 2775 610 2843 licet
632 2775 809 2863 appellare)
829 2798 931 2866 aequo
954 2777 1057 2844 animo
1074 2779 1288 2868 suscepimus,
1315 2799 1380 2846 una
1402 2779 1436 2846 in
1464 2800 1499 2848 re

227 2923 250 2972 ‚a
276 2900 415 2970 Nesselii
441 2899 575 2968 consilio
601 2900 818 2968 discessimus.
849 2901 994 2968 nimirum
1021 2901 1208 2968 documenta
1234 2901 1361 2990 quidem
1393 2902 1507 2970 eodem

231 3045 361 3114 prorsus
382 3022 506 3105 ordino,
536 3043 598 3110 quo
626 3022 659 3088 in
680 3023 789 3090 codice
812 3030 933 3102 extent,
960 3023 1133 3102 edidimus,
1159 3043 1267 3092 verum
1293 3025 1508 3094 abstinuimus

233 3148 274 3214 ah
287 3146 328 3212 lis
341 3146 553 3238 donadeum,
571 3145 785 3214 venditionum
802 3154 833 3212 ot
847 3147 1107 3234 permutationum
1123 3145 1264 3214 formulis
1279 3146 1399 3234 ubique
1413 3167 1510 3238 repe-

233 3267 353 3350 tendis,
382 3287 462 3354 qnas
482 3267 547 3334 fere
573 3273 773 3357 stereotypas
792 3267 922 3360 dixeris.
950 3267 1036 3356 qnod
1052 3267 1178 3334 anobis
1203 3275 1288 3334 recte
1304 3268 1509 3340 factumessa

234 3390 432 3457 arbitramur.

323 3581 504 3656 Secundum
527 3583 562 3649 in
577 3582 733 3650 volumine
760 3583 861 3650 locum
878 3581 1022 3650 obtinent
1047 3581 1235 3648 documenta
1260 3579 1304 3649 a'd
1319 3581 1508 3653 coenobium

234 3679 344 3773 sares
372 3706 462 3772 naun
488 3705 769 3773 timonatico
795 3705 881 3793 apuu
908 3703 1049 3772 nereum
1075 3705 1279 3790 persumet,
1314 3725 1396 3793 quae
1425 3708 1512 3777 rese

235 3831 317 3898 inter
337 3829 558 3896 miscellaneae
584 3827 711 3896 codices
736 3828 952 3896 Bibliothecae
979 3825 1149 3895 Vahcanae
1173 3827 1351 3894 deteximus
1378 3835 1424 3909 et,
1448 3829 1507 3898 in·

236 3955 311 4020 vitis
341 3953 542 4032 custodibus,
571 3953 835 4039 transcripsimus.
872 3956 921 4017 est
954 3967 1026 4017 vero
1053 3949 1152 4017 codex
1185 3949 1331 4032 urbinus,
1360 3951 1513 4038 signatus

237 4075 291 4143 Nr.
314 4073 435 4158 txxx,
456 4075 655 4154 chartaceus,
682 4074 811 4140 saeculo
835 4073 902 4138 XV.
923 4079 1082 4148 exaratus,
1109 4071 1203 4139 valde
1221 4068 1456 4158 aqua'vitiatus
1475 4085 1513 4144 et

235 4199 324 4279 ideo,
357 4201 399 4266 ub
427 4198 593 4266 evanidum
628 4203 846 4278 atramentum,
874 4195 957 4260 lectu
985 4191 1135 4260 difficilis.
1163 4213 1245 4280 qnae
1270 4213 1346 4262 uero
1372 4197 1513 4268 lacunae

236 4323 271 4388 in
291 4321 430 4389 editione
450 4329 557 4388 nostra
583 4326 762 4402 occurrunt,
786 4323 914 4384 monent
940 4317 981 4382 de
1006 4315 1048 4381 iis
1067 4315 1143 4396 loci,
1171 4316 1204 4380 in
1237 4317 1357 4402 quibus
1390 4325 1513 4386 textum

237 4445 344 4529 legere
365 4444 492 4512 omnino
522 4443 730 4530 nequivimus.
759 4441 895 4510 alienum
914 4461 935 4506 a
955 4457 990 4506 re
1012 4445 1061 4506 est
1082 4437 1210 4540 singula
1234 4455 1400 4515 recensere
1422 4441 1516 4512 varia

162 4618 167 4627 .
228 4541 279 4636 κᾶε
317 4567 414 4636 variis
444 4565 639 4650 argumentis
667 4563 834 4652 opuscula,
875 4579 958 4648 qnae
988 4559 1097 4628 codice
1127 4558 1272 4629 reboans
1300 4563 1513 4634 continentur.
