3168 5274
269 231 333 294 298

267 422 330 499 ίέει
354 421 442 488 ἱστᾶν
466 427 523 486 καί
546 424 716 507 σχολάζειν
741 431 794 486 τοῦ
819 423 961 486 τοιούτου
987 421 1242 508 ἐπιχειρήματος,
1265 418 1326 492 ἕως
1350 417 1532 504 ἀνερχόμε-

266 570 314 612 νοι
339 550 415 632 πρὸς
443 547 498 632 τήν
525 542 614 632 ήμῶν
644 548 830 632 μετριότητα
858 547 1082 629 δοκιμάζοιντο
1111 547 1166 609 καί
1194 539 1275 608 ούτω
1303 545 1337 608 τύ
1369 543 1532 628 σύμβολον

265 675 446 757 κομίζοιντο
469 669 542 755 παρ’
568 663 665 756 αύτής
688 679 743 756 της
768 667 931 756 ἀναδοχής
955 675 1010 734 καί
1033 675 1228 754 προστασίας
1253 679 1312 732 τῶν
1337 665 1385 732 ὑπ’
1414 663 1533 737 αύτούς

156 847 157 854 ι
265 800 459 881 ταττομένων
484 799 601 880 ψυχῶν.
627 791 674 877 ἐφ’
699 791 724 880 ᾧ
746 798 803 857 καί
825 798 988 877 προσέστω
1006 790 1090 878 αύτιρ
1116 816 1148 856 τε
1173 797 1317 864 καὶτοῖς
1342 789 1406 876 μετ’
1433 791 1532 854 αὐτὸν

264 916 527 1006 ήγουμενεύουσιν
557 916 589 982 έν
618 929 657 1004 τῇ
692 926 745 981 τού
774 915 866 996 άγίου
896 917 1024 982 Παύλου
1055 929 1136 1003 μονή
1165 919 1199 979 τὸ
1228 918 1328 1000 παρύν
1360 911 1534 999 ύπύμνημιι

265 1053 320 1130 τής
351 1039 439 1128 ήμῶν
465 1044 675 1127 μετριότητος,
701 1041 753 1104 διὰ
777 1041 913 1125 Χριστὸν
939 1045 1149 1128 γεγενημένον
1173 1043 1291 1102 κατὰ
1327 1049 1440 1126 μηνα
1470 1061 1532 1101 σε-

261 1167 479 1250 πτέβριον
503 1174 582 1251 τῆς
607 1166 654 1228 ια’
683 1161 1006 1250 ἐπινεμήσεως
1031 1172 1107 1228 τού
1131 1163 1264 1250 Ιςψλά
1291 1158 1534 1244 ἕτους,ὅπερ

261 1302 299 1376 τή
325 1285 501 1376 αύτοχείριρ
526 1285 693 1376 ύπογραφή
717 1286 773 1352 καί
802 1301 840 1374 πή
865 1291 998 1374 συνήθει
1026 1289 1175 1377 σφραγῖδι
1202 1287 1478 1370 διεβεβαιιύσαμεν
1502 1289 1531 1364 †.

348 1445 506 1531 ίΕἷχε
541 1447 754 1530 τύπαρόν
783 1441 1031 1531 ὑπόμνημα
1066 1448 1122 1510 τά·
1153 1444 1380 1530 Μανουήλ,
1414 1443 1532 1526 ἐλέῳ

261 1573 373 1634 θεοῦ
403 1568 781 1655 ἀρχιεπίσκοπος
814 1569 1375 1646 Κωνσταντινουπύλεως,
1405 1567 1532 1640 Νέας

260 1693 1275 1780 Ῥάμης,καίυίκουμενικὸςπατριάρχηςή.

759 1991 811 2058 ΙΠ.
829 1990 904 2058 Sine
922 2011 1011 2058 ουου.

258 2161 436 2216 Ραίνίανοίια
450 2159 610 2213 Germanus
623 2159 666 2212 ΙΙ.
681 2159 830 2232 Nauplius
846 2159 1049 2214 monasterium
1064 2157 1093 2216 S.
1111 2156 1204 2212 Pauli
1219 2168 1245 2212 σί
1260 2159 1319 2216 eiua
1331 2159 1532 2228 possessiones

278 2303 371 2354 eximit
386 2301 420 2354 άι
433 2301 521 2354 tutela
537 2299 657 2363 ετοτοίιί,
672 2312 698 2354 ει
711 2300 888 2371 patriarcha
901 2297 1024 2354 Μαπιωί
1039 2299 1113 2354 hano
1128 2301 1326 2370 ιαιυιρίίοποοι
1341 2299 1507 2370 confimat.

311 2487 643 2572 ιήΓερμανού,
672 2495 749 2550 τού
778 2483 1146 2565 ἁγιωτάτουκαί
1180 2485 1528 2572 οίκουμενικού

257 2585 567 2697 πατριάρχου,
593 2607 855 2697 ύπύμνημα,
890 2609 1414 2696 διαταττόμενονεῖναι
1452 2611 1530 2696 τήν

257 2736 398 2820 μονήν
428 2733 688 2820 ἐλευθέραν
719 2731 979 2820 ἀπὸτάσης
1008 2733 1267 2820 ἐξαρχικῆς
1296 2731 1531 2820 ἐπηρείας

256 2854 1330 2946 θίχατούἀρχιμανδριτάτουκαίαύτήντούς
1358 2855 1418 2922 ὑπ’
1454 2857 1527 2923 αύ-

256 2979 1089 3068 τήνπνευματικῶςἀνακρίνεινκαί
1118 2982 1527 3061 διατάττεσθαιή.

344 3145 478 3208 Δέδοται
505 3147 561 3228 μὲν
589 3147 676 3228 παρὰ
704 3151 758 3207 τοῦ
787 3145 845 3227 πρὸ
869 3139 957 3228 ήμῶν
986 3139 1163 3222 ἁγιωτάτου
1191 3145 1388 3228 πατριάρχου
1423 3151 1529 3228 κυρού

233 3249 407 3352 ’Μανουήλ
434 3263 453 3352 ή
482 3275 537 3332 τού
567 3265 855 3353 ἀρχιμανδριτάτου
885 3268 957 3352 τιμή
981 3277 1040 3330 τῶν
1071 3264 1128 3330 ύπύ
1153 3270 1188 3332 τύ
1217 3264 1291 3352 ὄρος
1315 3275 1369 3330 τού
1392 3263 1530 3352 Λάτροο

254 3399 490 3475 πατριαρχικιίιν
520 3395 738 3476 μοναστηρίων
767 3402 805 3476 τή
833 3399 885 3455 νύν
910 3386 985 3476 ύπὲρ
1010 3393 1065 3464 τὰς
1095 3389 1196 3464 ἄλλας
1225 3387 1445 3476 εύδοιιιμούση
1472 3394 1529 3462 τὰς

256 3512 359 3576 έκεῑσε
385 3515 483 3596 μονὰς
507 3512 551 3586 είς
574 3513 787 3600 πολυανδρίας
809 3514 905 3592 λόγον
931 3511 1045 3602 ἀρετῆς
1074 3537 1105 3577 τε
1129 3517 1186 3578 καί
1208 3507 1439 3586 καταστάσεως
1470 3523 1526 3577 τοῦ

255 3633 364 3714 Ἁγίου
393 3635 522 3701 Παύλου
548 3649 628 3724 μονή
659 3635 696 3703 ἐκ
724 3646 780 3722 τῆς
808 3647 868 3702 τῶν
901 3635 1107 3722 Κελλιβάρων
1135 3639 1386 3722 μετακινηθεῖσσ
1412 3647 1527 3724 μονῆς,

254 3763 542 3845 προσανατέθειται
569 3763 605 3826 δὲ
629 3761 744 3849 ὁμοίως
768 3763 811 3846 τῷ
833 3765 1008 3848 τιμιωτάτῳ
1033 3761 1165 3848 μοναχῴ
1191 3759 1309 3846 Παύλῳ
1332 3763 1388 3824 καί
1410 3757 1525 3840 Ἅγιο-

253 3885 388 3970 ταυλίιη
412 3887 649 3972 καθηγουμένῳ
673 3891 729 3952 καί
755 3883 775 3973 ή
800 3897 859 3951 των
883 3882 985 3952 αύτῶν
1014 3886 1147 3974 έξαρχία
1171 3890 1405 3973 μοναστηρίων,
1437 3885 1525 3949 ἀλλὰ

254 4009 289 4072 τὰ
314 4011 369 4092 μὲν
394 4006 544 4094 σέμνωμα
568 4018 623 4074 τοῦ
648 4008 935 4096 άρχιμανθριτάτου
952 4022 990 4097 πή
1014 4020 1073 4073 τῶν
1090 4009 1294 4095 Κελλιβάρων
1320 4009 1401 4095 μονή
1424 4011 1525 4074 πάλιν

255 4128 446 4217 ἐπήγγελται
462 4128 520 4197 ύπὸ
538 4141 593 4217 τῆς
609 4129 697 4219 ήμῶν
715 4136 916 4220 μετριότητος
932 4133 973 4196 δι’
991 4129 1215 4218 ύπομνήματος
1232 4135 1312 4218 μετὰ
1328 4132 1524 4216 παρέλευσιν

253 4263 308 4318 τοῦ
332 4255 565 4342 διαληφθέντος
593 4255 837 4335 Ἃγιοπαυλίτου
861 4259 1109 4341 καθηγουμένου
1131 4258 1209 4340 πρύς
1233 4254 1329 4343 αύτήν
1357 4257 1525 4341 μέλλουσα

254 4375 540 4458 έποιναλεύσεσθαι,
558 4383 614 4444 καί
629 4380 701 4452 τούς
718 4380 832 4459 λύγους
846 4388 901 4465 τῆς
918 4380 1064 4464 τοιαύτης
1083 4377 1322 4454 ἐπαναλεύσεως
1335 4382 1526 4466 μαθήσεται

253 4497 271 4564 ύ
287 4501 479 4586 βουλόμενος
497 4500 533 4565 έκ
550 4511 604 4566 τού
622 4499 855 4589 ύπομνήματος·
881 4499 949 4566 ἐπεὶ
965 4503 1000 4564 δέ
1023 4505 1080 4566 καί
1096 4511 1151 4588 τής
1167 4500 1340 4590 ἐξαρχικής
1357 4501 1523 4588 ἐνεργείας

253 4632 457 4708 προσωπικής
480 4627 700 4710 τυγχανούσης
728 4627 770 4710 μή
796 4626 1024 4691 συνδιαιωνίσει
1048 4627 1145 4710 ταύτῃ
1171 4636 1209 4711 τή
1233 4635 1288 4690 τοῦ
1313 4623 1407 4706 άγίου
1431 4627 1522 4693 Παύ-
