3228 5296
321 206 361 298 30

321 451 403 516 ιρορα
431 431 486 492 καὶ
515 437 572 513 γῆν
601 424 743 512 ύπεργυν.
774 427 843 514 ἔχει
863 429 897 490 δὲ
921 431 954 490 τό
987 422 1063 490 αύτό
1087 429 1233 512 μετόχιον
1262 427 1316 488 καί
1337 423 1450 510 δένδρα
1472 425 1578 489 ἐλαῐκα

320 556 376 616 καί
404 555 553 638 χωράιρια
573 552 759 636 διακείμενα
789 551 832 624 είς
862 553 915 637 την
939 549 1114 627 Μάνταιαν,
1144 549 1355 635 περιελθόντα
1383 560 1421 634 τη
1447 559 1524 634 μυνη
1547 547 1580 611 ἐκ

319 677 531 760 πρυσενὲξεως
559 686 618 738 τῶν
644 673 706 738 ἀπό
731 685 785 761 τῆς
808 674 973 748 Μανταίας
1002 686 1143 762 χωριτιῐιν
1168 685 1227 738 τῶν
1253 669 1404 758 ύνομαστί
1429 673 1579 760 δηλουμέ-

320 820 378 864 νων
409 800 442 864 ἐν
477 797 520 886 τῷ
547 803 711 886 γράμματι
740 809 794 862 τού
822 802 966 886 περιόρυυ
997 795 1095 885 αύτης
1130 801 1185 862 καί
1214 793 1312 882 αύλην
1344 801 1579 882 περιωρισμίνην

320 927 401 1010 μετὰ
429 923 561 988 κελλίων
585 925 641 987 καὶ
666 921 851 1008 ἐκκλησίας.
877 927 1039 1010 χωράριον
1064 923 1214 1000 σύνεγγυς
1238 931 1293 1006 τῆς
1317 923 1464 1008 τοιαύτης
1489 915 1580 1004 αὐλῆς

320 1046 397 1133 ἐχυν
419 1050 477 1112 καί
500 1043 615 1132 δένδρα
640 1043 754 1110 ἐλαίκὰ
778 1049 981 1132 κατεχόμενα
1007 1049 1092 1130 παρὰ
1117 1055 1171 1131 της
1199 1055 1297 1132 μονῆς
1327 1041 1359 1118 ἐξ
1388 1041 1579 1128 ἀμνημονεύ-

319 1191 379 1234 των
403 1175 534 1256 χρόνων.
560 1170 593 1234 ἐν
617 1180 655 1256 τῇ
680 1172 858 1252 τοποθεσίορ
881 1177 936 1234 τού
961 1167 1111 1242 Φοίνικας
1135 1165 1251 1252 δένδρα
1275 1165 1390 1232 ἐλαῖκόι
1413 1189 1579 1254 πεντηκον-

236 1339 239 1348 ·
319 1295 455 1372 ταοκτύ,
482 1295 693 1378 περιελθόντα
719 1295 818 1379 ταύτη
843 1291 875 1368 ἐξ
899 1291 1076 1378 ἀγυρασίας
1101 1290 1162 1356 ἀπὸ
1187 1300 1241 1356 τού
1264 1291 1416 1374 Κακαβᾱ.
1446 1294 1481 1355 τύ
1504 1293 1580 1376 πλη-

319 1422 386 1483 σίον
426 1425 480 1482 τού
522 1421 662 1502 κάστρυυ
701 1417 845 1504 Σμύρνης
886 1420 1035 1504 μετόχιον
1075 1425 1130 1480 τού
1170 1413 1262 1495 άγίυυ
1297 1415 1472 1500 Γεωργίυυ,
1511 1417 1580 1503 ἔχον

318 1538 451 1606 ὄπισθεν
480 1549 535 1626 τῆς
559 1538 735 1628 ἐκκλησίας
758 1541 938 1628 περιβόλων
961 1540 1237 1626 ίδιυπεριόριστον,
1263 1538 1293 1604 ἐν
1318 1539 1343 1628 ᾧ
1366 1539 1427 1604 εἰσί
1449 1562 1580 1626 συκαμι-

318 1668 386 1728 νὲαι
413 1667 469 1730 καί
490 1662 584 1750 ἕτερα
607 1663 798 1753 δπωροφύρα
822 1665 936 1750 δὲνδρα
959 1667 1111 1753 διάφορα,
1145 1664 1326 1750 ἔμπροσθεν
1351 1663 1386 1727 δὲ
1410 1673 1466 1752 της
1491 1659 1581 1750 αύτῆς

318 1785 493 1876 ἐκκλησίας
528 1793 584 1852 καί
620 1786 782 1874 ἀμπέλιον.
824 1788 948 1854 ἔσωθεν
977 1796 1032 1851 τού
1067 1793 1194 1872 τείχους
1230 1798 1284 1852 τού
1319 1787 1581 1874 Παλαιοκάστρυυ

317 1920 372 1998 τῆς
396 1911 539 2000 Σμύρνης
564 1916 736 2000 χωράριυν,
761 1913 930 1998 περιελθὸν
954 1925 992 1999 τη
1016 1923 1096 1999 μονῇ
1115 1909 1152 1975 ἐκ
1168 1913 1382 1996 πρυσενέξεως
1406 1921 1463 1999 της
1488 1933 1581 1998 μυνα-

316 2044 379 2121 χῆς
402 2032 591 2122 Ἀγγελίνης
619 2040 675 2101 καί
709 2044 764 2100 τού
788 2035 1008 2122 Τίυκανδύλη,
1036 2032 1112 2120 ὅπερ
1136 2037 1372 2121 κατεφύτευσαν
1397 2033 1427 2100 οἱ
1451 2039 1582 2122 μοναχοί

316 2159 361 2232 είς
389 2157 571 2246 ἀμπελῶνα.
601 2160 655 2245 τὴν
685 2159 730 2234 είς
759 2161 811 2224 τόν
840 2165 966 2246 κάμπον
995 2169 1049 2224 τού
1078 2155 1331 2246 Μεμανιωμίνου
1355 2168 1428 2246 γῆν,
1458 2157 1526 2245 ἥτις
1549 2157 1582 2245 ἦν

314 2286 465 2368 πρότερον
494 2279 552 2348 ύπύ
580 2286 616 2347 τύ
647 2285 867 2370 ίευγηλατεῖον
897 2294 956 2348 τῶν
985 2284 1168 2362 Παλατίων,
1205 2281 1244 2371 ἧς
1271 2288 1310 2348 τὰ
1340 2296 1457 2370 σημεῖα
1487 2281 1583 2372 ῥητῶς

316 2407 487 2492 δηλοῦνται
511 2407 544 2471 ἐν
568 2407 611 2492 τῷ
633 2391 843 2494 πρυσόντιλη·
868 2419 948 2494 μονῇ
973 2411 1137 2493 γράμματι
1169 2417 1222 2472 τυύ
1246 2410 1393 2492 περιύρυυ
1418 2404 1526 2492 αύτης.
1554 2405 1582 2470 ἐν

315 2531 358 2616 τῷ
386 2525 470 2616 αύτιρ
496 2536 613 2618 κάμπη)
637 2542 691 2598 τυύ
719 2529 971 2618 Μεμανιωμένυυ
998 2535 1187 2621 προάστειον
1215 2535 1250 2596 τό
1280 2529 1504 2616 ἐπιλεγόμενον
1532 2541 1581 2595 τού

314 2652 448 2740 Ἀσάνη.
475 2655 609 2742 πλησίον
634 2658 689 2722 καί
713 2643 857 2738 γύρωθεν
882 2665 941 2719 τῶν
969 2655 1138 2720 Παλατίων
1169 2653 1261 2740 ἕτερα
1286 2667 1469 2744 χωραριαῐα
1494 2659 1582 2720 τόπια

314 2773 435 2864 όπεργα
457 2782 514 2844 καί
539 2779 709 2864 νομαδιαϊα
738 2779 795 2842 ύπύ
820 2783 859 2842 τὰ
883 2779 994 2843 δίκαια
1018 2790 1077 2842 των
1101 2778 1269 2844 Παλατίων
1298 2783 1354 2844 καί
1378 2780 1525 2863 λιβάδιυν
1549 2783 1580 2842 τό

314 2899 538 2987 ἐπιλεγόμενον
563 2913 622 2966 των
647 2901 825 2986 Ἀββάδων.
850 2900 937 2974 ἐντός
961 2911 1017 2988 τῆς
1040 2912 1192 2989 περιοχῆς
1216 2912 1276 2968 τῶν
1300 2901 1471 2968 Παλατίων
1496 2926 1581 2990 περι-

313 3027 431 3110 βόλιυν.
461 3029 577 3112 χωρίον
606 3027 660 3112 την
687 3024 795 3114 Βάρην
823 3023 894 3112 ἤτοι
918 3029 957 3090 τὰ
980 3024 1078 3110 Μῆλα
1102 3027 1157 3090 σύν
1181 3039 1244 3099 τοῖς
1270 3024 1300 3090 ἐν
1330 3023 1417 3113 αύτῷ
1436 3049 1580 3112 προσκα-

311 3153 465 3236 θημένοις
488 3155 654 3238 παρυίκυις
678 3149 799 3236 καίτερ
828 3150 974 3238 δημοσίῳ
999 3147 1252 3226 ἀνεπιγνώστοις.
1283 3153 1316 3216 ἐν
1340 3149 1383 3237 τῷ
1407 3147 1493 3236 αύτῷ
1515 3175 1579 3238 χω-

311 3277 367 3358 ρίῳ
396 3274 452 3339 δύο
483 3274 712 3362 ἐξηλειμμὲνας
741 3278 870 3347 στάσεις
898 3272 969 3361 ἤτοι
1004 3285 1058 3339 τυύ
1083 3273 1208 3340 Σπανυύ
1232 3280 1287 3340 καί
1311 3285 1365 3340 τού
1388 3273 1579 3362 Μηνωνάρη,

311 3394 396 3460 ἀλλὰ
424 3397 463 3482 δὴ
492 3395 549 3461 καί
572 3402 721 3486 χωροίφια
749 3395 811 3462 άπύ
836 3406 889 3462 τού
917 3394 1191 3484 Γουναρυπούλυυ.
1218 3399 1289 3472 τούς
1320 3397 1351 3462 ἐν
1381 3412 1419 3488 τη
1448 3413 1491 3488 γη
1524 3411 1579 3464 τῶν

310 3519 479 3586 Παλατίων
507 3522 753 3605 παραδοθέντας
780 3533 819 3608 τῇ
843 3524 973 3608 τοιαύτη
1004 3533 1085 3608 μονῇ
1115 3523 1169 3586 διὰ
1198 3533 1373 3606 πρακτικοῦ
1405 3532 1458 3588 τού
1485 3533 1580 3608 κυρού

308 3644 443 3732 Μιχαὴλ
470 3653 524 3710 τού
554 3643 658 3712 Φωκα
686 3648 792 3721 ξένους
823 3646 866 3720 εἰς
896 3649 1106 3734 συγκρότησιν
1137 3656 1195 3708 τῶν
1220 3647 1370 3711 δυυλειων
1395 3658 1454 3710 τῶν
1481 3670 1580 3733 μονα-

308 3779 385 3855 χῶν.
414 3771 449 3833 τό
478 3767 521 3842 είς
550 3769 604 3856 τὴν
627 3769 735 3856 Βάρην
761 3774 910 3856 μετόχιον
935 3779 989 3834 τού
1014 3766 1105 3848 ἁγίου
1128 3769 1302 3854 Γευργίου,
1332 3768 1364 3834 ἐν
1393 3769 1502 3858 ᾥείσί
1526 3776 1578 3836 καί

308 3893 422 3960 κελλία
446 3895 607 3974 σύνεγγυς.
634 3895 766 3982 πλησίον
791 3894 825 3958 δὲ
851 3895 961 3958 τούτου
985 3896 1209 3982 κατερυτεύθη
1232 3897 1319 3980 παρὰ
1344 3905 1403 3959 τῶν
1428 3907 1579 3982 μοναχῶν

307 4021 363 4082 καί
387 4014 550 4103 ἀμπέλιυν.
577 4016 609 4082 ἐν
634 4029 672 4104 τη
695 4029 830 4106 περιοχῇ
855 4025 909 4082 τού
935 4011 1031 4082 αύτυύ
1054 4023 1174 4104 χωρίου
1203 4027 1262 4082 τῶν
1289 4017 1409 4104 Μηλων
1437 4025 1495 4084 καί
1525 4019 1580 4084 ἐκ·

306 4141 443 4226 κλησίας
464 4142 530 4220 δύο,
553 4138 594 4206 ὧν
618 4137 637 4228 ἡ
657 4144 739 4226 [μὲν]
758 4139 814 4230 μία
831 4139 875 4214 είς
892 4137 992 4226 ὄνομα
1009 4146 1168 4228 τιμωμένη
1187 4150 1242 4228 της
1267 4139 1360 4220 ἁγίας
1384 4143 1576 4232 Μαρίνης,ἠ

209 4327 210 4332 ,
306 4265 341 4328 δέ
366 4263 458 4352 ἑτέρα
481 4264 525 4338 εὶς
550 4262 652 4351 ὄνομα
675 4273 730 4328 τού
755 4261 846 4343 άγίου
878 4264 1053 4350 Θεοδώρου.
1083 4263 1191 4351 ἑτέραν
1222 4263 1398 4353 ἐκκλησίαν
1426 4271 1578 4354 κεχαλα-

306 4393 423 4476 σμὲνην
452 4399 506 4454 τυύ
540 4387 633 4470 άγίυυ
660 4387 818 4468 Ἰωάννου,
854 4385 893 4479 ἧς
926 4390 1060 4476 πλησίον
1101 4389 1167 4454 ἐστὶ
1194 4395 1250 4454 καί
1284 4391 1486 4476 μυλοτόπιον.
1522 4396 1580 4458 καί

305 4515 358 4582 τόν
386 4517 527 4600 ποταμόν
551 4516 604 4584 τὸν
631 4517 867 4604 κατερχόμενον
893 4513 954 4582 ἀπὸ
978 4524 1033 4580 τού
1057 4521 1175 4602 χωρίου
1203 4526 1263 4580 τῶν
1285 4514 1403 4602 Μηλων
1429 4519 1480 4580 τόν
1507 4515 1578 4582 ἐπι-

303 4637 475 4724 λεγόμενον
503 4638 720 4726 Δημυσιάτην,
757 4637 790 4748 ἐν
818 4637 848 4724 ιμ’
870 4644 925 4704 καί
954 4639 1060 4727 είσροη
1090 4644 1209 4718 γίνεται
1238 4623 1421 4706 θαλασσίου
1444 4635 1574 4720 ύδατος,
