3190 5284
247 270 308 330 100

243 459 260 526 δ
285 458 467 545 Πετρίτίης,
491 463 547 522 καί
570 455 589 546 ἡ
616 460 747 542 σύμβιος
772 455 868 522 αύτού
891 457 1015 542 Μαρία,
1039 457 1068 522 οἱ
1092 461 1148 522 καί
1172 456 1296 522 ἄνωθεν
1320 467 1374 522 τού
1398 461 1519 542 παρίιν-

243 606 295 656 τος
330 578 427 670 ύρους
454 581 527 655 τούς
555 584 674 668 τιμίους
701 585 758 645 καί
787 582 959 654 ζωοποιούς
989 581 1142 667 σταυροὺς
1171 579 1389 666 οίκειοχείρως
1413 578 1520 666 ἐγχα-

242 708 401 792 ράξαντες,
428 706 482 792 τὴν
505 712 667 791 παροῦσαν
686 703 844 793 ἔγγραφον
868 708 922 769 καί
941 703 1157 792 ένυπύγραφον
1182 701 1376 770 ἀπεντεύθεν
1399 715 1519 788 πρᾶσιν

242 839 302 895 τῶν
330 831 478 894 κάτωθεν
507 829 787 915 δηλωθησομένων
816 826 997 914 οίκημάτων
1026 831 1082 892 καί
1110 836 1164 892 τού
1195 825 1519 913 ἀμπελοπεριβολίου,

240 955 355 1024 καθιδς
380 953 619 1039 δηλωθήσεται,
639 961 746 1027 πᾶσαν
763 951 817 1038 τῆν
843 948 880 1015 έκ
904 961 964 1014 των
987 953 1189 1035 πανευσεβιῐιν
1213 955 1316 1036 νύμων
1339 951 1432 1036 ίσχύν
1456 956 1520 1014 καί
1586 1021 1587 1024 γ

242 1077 373 1162 δύναμιν
410 1075 551 1162 ἔχουσαν
585 1079 642 1139 καί
671 1074 826 1160 μηδαμῶς
862 1071 923 1138 ἀτύ
953 1081 1007 1138 τοῦ
1035 1085 1087 1140 νυν
1121 1078 1197 1139 ποτὲ
1226 1075 1331 1160 καιριγῐ
1357 1074 1378 1162 ἡ
1407 1079 1518 1161 χρόνῳ

241 1198 460 1286 ἀνατραπῆναι
488 1196 688 1286 ὀφείλουσαν,
726 1194 762 1262 ού
789 1203 862 1283 παρ’
889 1193 978 1283 ἡμῶν
1008 1193 1108 1262 αύτιῖιν
1137 1207 1197 1262 των
1219 1202 1443 1281 πεπρακύτων,
1476 1195 1516 1262 σύ

238 1321 311 1408 παρ’
340 1321 448 1407 ἑτέρου
477 1324 558 1394 τινύς
586 1320 668 1384 ἰδίου
696 1318 716 1408 ἡ
745 1323 833 1395 ξένου
861 1323 941 1384 καθ’
971 1319 1149 1407 οἱονδὴτινα
1178 1320 1338 1408 ἔγγραφον
1361 1320 1382 1408 ἡ
1407 1319 1516 1407 ἄγρα-

239 1467 297 1534 φον
322 1449 434 1531 τρύπον
463 1443 483 1531 ἡ
511 1445 645 1530 νομικὴν
672 1443 765 1529 ἰσχύν
793 1442 850 1508 καί
885 1446 1051 1530 βοὴθειαν,
1080 1447 1243 1530 τιθέμεθα
1277 1449 1334 1508 καί
1357 1453 1515 1530 ποιοῦμεν

238 1567 403 1645 ἑκουσίως,
425 1563 620 1649 αύτοθελως,
643 1565 804 1650 ἀβισίστως
820 1571 876 1631 καί
893 1565 1153 1654 ἀμεταμελὴτως,
1179 1563 1238 1632 ούκ
1256 1567 1294 1632 ἔκ
1310 1589 1392 1640 τινος
1411 1566 1516 1647 ἀντίγ-

238 1713 299 1778 κης
327 1690 347 1779 ἡ
378 1694 448 1775 βίας
476 1690 495 1780 ἡ
524 1694 625 1778 ρύβου
653 1688 673 1777 ἡ
698 1689 799 1776 ἄλλης
824 1693 908 1762 τινός
932 1688 1084 1776 έπιψύγου
1117 1689 1220 1763 αἰτίας
1243 1701 1300 1776 τῆς
1323 1693 1383 1755 τῶν
1406 1695 1516 1776 νύμων

238 1815 506 1903 ἆποτρεπομένης,
531 1812 616 1878 ἀλλὰ
641 1813 695 1878 σύν
715 1815 880 1899 προθυμίη
895 1817 984 1899 ποίση
1008 1817 1064 1878 καί
1088 1811 1238 1900 ύλοψύχῳ
1254 1811 1343 1900 ἡμῶν
1367 1827 1406 1902 τῆ
1429 1837 1509 1900 προ-

237 1944 341 2018 θέσει,
368 1939 413 2004 ἔτι
441 1940 476 2003 δὲ
505 1941 585 2024 μετὰ
609 1941 881 2023 μεμεριμνημένου
913 1945 1044 2018 σκοποῦ,
1070 1943 1201 2022 χρονίας
1225 1947 1280 2023 τῆς
1305 1939 1510 2024 διασκέψεως

236 2069 293 2129 καὶ
320 2075 359 2150 τῆ
388 2065 566 2128 συναινέσει
592 2062 710 2133 παντὸς
733 2068 788 2123 τού
818 2064 931 2144 μέρους
955 2056 1043 2147 ἡμῶν
1066 2062 1144 2144 πρὸς
1168 2062 1223 2147 τὴν
1249 2063 1428 2146 σεβασμίαν
1452 2067 1512 2126 καί

240 2187 333 2267 ἁγίαν
358 2187 527 2272 βασιλικὴν
557 2185 653 2270 μονὴν
678 2193 734 2269 τῆς
758 2179 934 2268 ύπεροίγνου
958 2185 1159 2270 θεομὴτορος
1184 2194 1239 2270 τῆς
1262 2182 1512 2272 Λεμβιωτίσσης

236 2313 292 2375 καὶ
325 2312 403 2394 πρὸς
437 2310 489 2372 τύν
525 2305 557 2372 έν
593 2301 675 2393 αύτῆ
708 2303 961 2392 ἡγουμενεύοντα
987 2305 1207 2392 ἱερομύναχον,
1232 2317 1291 2392 κύρ
1315 2307 1510 2386 Κάλλιστον,

236 2437 293 2498 καί
320 2435 397 2517 πρύς
432 2433 504 2504 τούς
540 2426 588 2496 ύπ’
625 2427 721 2516 αύτὴν
758 2428 976 2514 ἀσκουμένους
1011 2428 1153 2502 ἅπαντας
1182 2433 1346 2516 μοναχυύς
1375 2433 1420 2506 εὶς
1456 2437 1510 2498 τύν

239 2557 339 2620 αἰῶνα
356 2559 408 2620 τὸν
433 2552 567 2620 ἅπαντα.
585 2557 641 2618 καί
665 2557 725 2638 γὰρ
750 2557 788 2616 τὰ
806 2557 919 2632 γονικὰ
942 2553 999 2616 καὶ
1022 2555 1244 2639 κληρονομικὰ
1268 2553 1431 2642 οἰκήματα
1455 2567 1511 2621 τοῦ

237 2677 396 2744 αύθέντου
424 2681 479 2742 καί
515 2675 629 2762 ἀνδρὸς
665 2699 725 2762 μου
755 2677 892 2753 ἐκείνου,
928 2685 1025 2761 κυρού
1054 2677 1219 2762 Θεοδώρου
1248 2686 1303 2742 τοῦ
1335 2677 1359 2742 Γ
1362 2680 1511 2764 ορδσίτου,

220 2803 304 2867 ’ἐπεὶ
330 2799 493 2888 ἠθέλησεν
523 2794 604 2864 αύτδι
633 2802 714 2884 μετὰ
736 2801 842 2885 πάσης
872 2797 1009 2872 έτοίσεως
1033 2804 1089 2864 καί
1114 2803 1265 2884 καθαρᾶς
1289 2805 1345 2865 καί
1369 2815 1512 2888 φανερᾶς

235 2929 450 3011 προαιρέσεως
474 2928 530 2988 καί
547 2922 677 3010 ἐποίησε
701 2922 887 3009 διαθηκιρον
911 2927 1043 3009 γράμμα
1066 2926 1142 3008 πρύς
1172 2925 1227 3010 τὴν
1252 2924 1376 2990 ἄνωθεν
1400 2926 1512 3012 δηλω-

235 3052 349 3114 θεῐσαν
379 3048 476 3134 μονὴν
503 3051 560 3111 καί
596 3044 741 3133 ἐπαφῆκε
770 3049 809 3108 τὰ
837 3055 968 3112 τοιαῦτα
998 3044 1102 3110 ἐκεῖσε
1131 3042 1207 3134 ύπὲρ
1242 3053 1380 3135 ψυχικῆς
1409 3045 1511 3114 αύιού

234 3176 402 3258 σωτηρίας,
426 3169 523 3257 ἤγουν
548 3172 587 3232 τὰ
611 3165 711 3256 ἡμίση
736 3170 862 3248 τούτων,
888 3173 926 3231 τὰ
950 3170 985 3232 δὲ
1001 3166 1102 3257 ἡμίση
1128 3167 1233 3258 ἀφῆκε
1254 3171 1297 3256 τῷ
1319 3169 1374 3256 υίιμ
1397 3169 1511 3251 αύτυύ,

232 3292 440 3381 ἡθελὴσαμεν
475 3297 531 3356 καί
564 3289 670 3378 ἡμεῖς,
707 3287 790 3364 ὅπως
818 3291 1043 3377 διαπράσωμεν
1072 3296 1110 3356 τὰ
1138 3297 1255 3370 πάντα,
1291 3291 1355 3359 ’ὅσα
1384 3293 1422 3359 ἂν
1451 3301 1512 3361 καί

234 3415 302 3495 ὦσι,
327 3419 401 3501 πρὸς
426 3417 479 3502 τὴν
504 3417 652 3501 τοιαύτην
677 3417 785 3501 μονὴν·
809 3417 865 3478 καί
887 3413 957 3478 ἰδού
982 3416 1037 3500 τὴν
1062 3418 1201 3502 σὴμερον
1223 3422 1371 3503 πέπρακα
1395 3427 1511 3502 ταῦτα,

235 3537 311 3624 ὅπερ
338 3535 520 3622 εύρίσκεται
545 3537 588 3610 εὶς
612 3537 773 3623 μεριδικύν
796 3547 851 3602 τού
876 3537 942 3601 υίού
972 3561 1031 3624 μου
1054 3537 1215 3624 Γεωργίου
1239 3545 1321 3626 μετὰ
1345 3549 1399 3605 τού
1423 3563 1515 3629 γαμ-

234 3667 310 3748 βρού
335 3683 395 3747 μου
420 3671 474 3726 τού
498 3650 721 3747 Πετρίτζηέίς
744 3666 925 3745 νομίσματα
960 3671 1064 3746 χρυσᾶ
1095 3659 1205 3742 ἐξάγια
1243 3663 1449 3744 εἰκοσιπέντε,
1489 3669 1513 3732 ἃ

234 3789 273 3875 δὴ
300 3791 356 3852 καί
380 3787 532 3870 λαβόντες
559 3787 613 3873 τὴν
639 3789 775 3872 σὴμερον
804 3785 865 3864 ἐγώ
889 3807 923 3847 τε
945 3781 965 3871 ἡ
990 3786 1178 3872 δηλωθεῖσα
1203 3791 1279 3876 γυνῆ
1305 3797 1359 3852 τού
1382 3788 1512 3875 Γορδεί-

234 3935 288 3978 του
312 3907 471 3996 ύπέρπυρα
496 3911 600 3975 εἴκοσι
623 3913 679 3974 καί
702 3906 719 3974 ύ
744 3910 886 3994 γαμβρός
908 3929 968 3993 μου
993 3907 1009 3973 δ
1034 3909 1209 3997 Πετρίτζης
1232 3915 1272 3974 τὰ
1295 3917 1386 3977 πέντε
1411 3911 1512 4000 ύπέρ-

233 4058 315 4122 πυρα
351 4033 484 4100 ἐνώπιον
519 4044 578 4098 των
614 4032 762 4096 κάτωθεν
797 4027 1063 4116 ύπογραψομένων
1100 4037 1272 4120 μαρτύρων.
1315 4036 1385 4122 ἔχει
1419 4038 1455 4100 δὲ
1487 4035 1510 4125 ἡ

143 4213 146 4222 .
235 4157 412 4243 Λτβουνίνη
443 4155 529 4228 ἐντὸς
558 4165 612 4240 τῆς
641 4148 742 4239 αύλῆς
770 4149 919 4240 ύσπὴτιον
943 4159 1183 4240 κεραμύστεγον
1211 4163 1266 4222 καί
1290 4165 1512 4244 χορτοσκεπὲς

235 4283 276 4357 ἓν,
301 4282 424 4364 καρύαν
449 4283 536 4364 μίαν,
573 4285 673 4362 συκῆν
698 4280 785 4360 μίαν,
816 4271 942 4362 ῥοίδέας
965 4277 1022 4341 δύο
1044 4277 1102 4342 καὶ
1125 4280 1225 4364 δρύας
1250 4282 1320 4358 δύο,
1357 4281 1514 4360 ὡσαύτως

234 4407 291 4468 καί
316 4401 332 4467 ὁ
356 4402 531 4487 Πετρίτζης
561 4399 606 4472 εὶς
634 4404 672 4464 τὰ
699 4395 794 4483 ἕτερα
821 4399 950 4485 δένδρα,
978 4403 1114 4487 καρύας,
1146 4413 1258 4484 συκᾶς,
1290 4399 1416 4488 ῥοῑδέας
1452 4413 1515 4473 καὶ

234 4523 455 4612 ύποκλῆματα,
482 4523 527 4597 εὶς
550 4532 649 4588 ταῦτα
672 4527 729 4586 καί
753 4525 835 4608 μύνα
859 4519 978 4611 ὀρείλει
1002 4528 1139 4608 μερίζειν
1167 4528 1246 4610 μετὰ
1271 4537 1327 4614 τῆς
1352 4538 1461 4618 μονῆς,
1487 4530 1511 4618 ἡ

235 4654 290 4732 μὲν
315 4649 394 4734 μονῆ
418 4648 566 4734 μεριδικὰ
589 4634 672 4730 τρία,
702 4643 718 4710 ύ
743 4645 778 4710 δὲ
803 4645 976 4732 Πετρίτίης
999 4647 1069 4728 δύο,
1095 4650 1134 4711 τὰ
1158 4649 1194 4712 δέ
1218 4649 1323 4729 λοιπὰ,
1352 4649 1414 4718 κᾶν
1439 4649 1508 4720 ὅσα
