3140 5306
115 462 265 546 ’ςΟίκιίι
289 467 493 552 χραμμστικλ
517 473 574 552 τῆς
598 464 765 552 βασιλείας
788 485 867 552 μοο,
890 462 965 542 δούε
988 472 1045 530 τού
1071 467 1215 550 θύματος
1238 451 1301 530 τῶν

46 590 230 674 Θρακησίων,
254 587 359 656 Φακᾱ
382 585 593 675 Δύτωρειανί.
618 587 648 654 οί
671 593 810 677 μοναχοί
831 597 889 677 της
913 589 1093 676 οεβασμίας
1117 596 1216 675 μονῆς
1244 595 1302 676 τῆς

46 713 193 796 βασιλείας
218 733 279 798 μοο
302 723 358 799 της
382 710 429 778 λα’
454 709 586 798 δνύματι
604 718 785 800 τιμωμένης
805 723 861 800 της
884 709 1061 799 ύπερύγνοο
1085 733 1146 798 μοι
1169 713 1300 778 δεσποί·

45 857 87 922 νης
110 839 167 900 καί
196 838 400 924 διομητορος
423 839 480 901 καί
507 834 763 926 ἐπικεκλημίνης
791 847 851 902 τῶν
879 834 1025 923 Δίμβων,
1061 833 1299 922 ἀναδραμόντες

46 959 149 1046 ιίςτίην
174 961 343 1044 βασιλιίαν
367 981 437 1046 μοο,
463 957 625 1048 ιἰνίρτρον,
650 957 698 1026 ύτι
721 961 875 1048 κίκτηται
898 956 919 1048 ἡ
941 957 1012 1026 κατ’
1030 956 1145 1033 αύτούς
1168 961 1299 1046 τοιαύτη

13 1103 14 1170 η
46 1085 188 1170 σεβασμία
213 1085 295 1170 μονὴ
320 1084 374 1148 διὰ
396 1085 597 1164 παλαιγενῶν
620 1085 878 1170 χροσοβούλλιον,
903 1083 949 1148 δτι
964 1085 1001 1150 δί
1024 1087 1080 1148 καί
1101 1083 1298 1169 χρωσοβούλ-

13 1185 14 1244 Ῠ
44 1210 87 1273 λιι
106 1217 162 1295 τῆς
187 1209 357 1293 βασιλιίας
382 1229 442 1294 μοι
464 1213 534 1295 πιρί
557 1209 613 1275 τὸν
635 1211 730 1274 τύπον
753 1217 810 1296 τῆς
831 1207 941 1297 Βσίρης
964 1211 1020 1274 καί
1044 1217 1104 1274 τῶν
1128 1206 1297 1272 Παλατίων

12 1375 14 1424 η
45 1335 119 1398 τύπον
148 1329 273 1419 δριινύν
301 1355 335 1396 τε
362 1336 419 1397 καί
445 1331 638 1416 λιβαδιαίον,
670 1333 931 1419 παραδεδομίνον
965 1335 1022 1397 καί
1053 1335 1296 1418 περιωρισμίνον

44 1467 93 1528 ιιίς
116 1457 275 1530 τοιούτοις
299 1468 452 1542 μοναχοίς
479 1455 533 1520 διὰ
557 1456 715 1544 διαφόρων
743 1455 970 1544 ἀπογραρικῶν
994 1453 1296 1525 ἀποκατασιύσιων,

12 1591 13 1646 1
45 1577 133 1654 ύςδί
160 1575 334 1668 ἠδικοῦντο
362 1583 419 1646 καί
445 1579 753 1646 κατιδοναστεύοντο
780 1581 840 1667 πρύ
869 1587 983 1666 καιροῶ
1012 1576 1062 1646 ίτί
1089 1581 1192 1678 τεύτιρ
1211 1583 1298 1668 παρὰ

11 1678 13 1832 η
44 1713 84 1768 τού
109 1701 232 1769 οίκείοο
260 1715 300 1791 τη
329 1704 477 1790 βασιλεία
501 1725 575 1792 μοι,
599 1703 771 1792 Κομνηνού
800 1712 856 1770 τού
883 1703 992 1790 Βρανοί
1025 1712 1124 1790 κορού
1153 1702 1297 1790 Μιχαὴλ,
1437 1740 1442 1752 ·

45 1824 204 1913 ύνίδραμον
241 1825 384 1893 ίνταύδα
418 1832 476 1892 καί
505 1825 684 1916 ἐκρίθησαν
713 1825 779 1914 μετ’
810 1821 907 1892 αὐτού
936 1824 969 1891 ίν
1004 1828 1050 1916 τῷ
1074 1831 1214 1914 σικρίτιρ
1242 1835 1299 1912 τῆς

11 1967 12 1970 ’
45 1951 193 2032 βασιλείας
222 1973 299 2038 μοο,
328 1954 384 2016 καί
418 1950 661 2039 ίδικαιύθησαν
697 1949 727 2016 οἱ
762 1952 995 2040 διαληρδίνττς
1024 1954 1161 2038 μοναχοί
1189 1947 1234 2024 τίς
1261 1953 1297 2016 τύ

43 2077 173 2162 ταιίχειν
202 2079 257 2140 τύν
285 2084 427 2141 τοιούτον
456 2079 550 2140 τόπον
580 2069 683 2140 αὐτῶν
712 2072 933 2162 ἀνενοχλητως
963 2072 1026 2140 ἀπύ
1050 2083 1105 2138 τού
1132 2075 1298 2162 δηλωθίν-

10 2225 12 2266 ι
43 2219 82 2270 τις
104 2197 277 2286 Κομνηνού
306 2208 361 2264 τού
387 2198 505 2285 Βρανᾱ.
543 2197 729 2286 ἐπορίσαντο
758 2195 794 2263 δὲ
823 2196 873 2264 ἐπί
895 2209 935 2286 τη
963 2201 1096 2284 τοιαύτη
1124 2210 1297 2298 σειιριτικηΙ

43 2326 126 2406 κρίσει
151 2327 211 2386 καί
239 2326 430 2409 πρύοταημα
458 2327 515 2387 καί
548 2335 699 2410 κατεῖχον
735 2321 845 2388 ἔκτοτε
873 2326 929 2387 καί
957 2325 1050 2410 μέχρι
1079 2331 1134 2388 τού
1161 2331 1214 2388 νῶν
1242 2324 1296 2387 τὸν

43 2455 166 2512 τοιοῦτον
191 2443 311 2532 δρεινύν
339 2450 396 2512 καί
416 2445 595 2530 λιβαδιαίον
623 2450 717 2512 τύπον
746 2443 968 2534 ἆνενοχλήτως
994 2449 1051 2511 καί
1075 2444 1297 2525 ἀδιασείστως,

44 2565 136 2652 ἀρτίως
165 2570 203 2634 δὲ
239 2565 438 2658 εύρίσκοοσιν
467 2565 526 2634 ούκ
561 2567 674 2652 δλίχας
702 2567 976 2644 καταδοναστείας
1003 2571 1060 2634 καί
1089 2567 1218 2646 ἀδικίας
1249 2568 1296 2636 ἔπ’

44 2687 109 2778 αύιιρ
134 2697 224 2780 παρὰ
252 2703 403 2772 τοπικῶν,
427 2704 487 2758 τῶν
510 2692 781 2780 Μοορμοοντηνῶν
804 2695 994 2780 λεγομένων,
1023 2695 1067 2782 μη
1092 2693 1298 2796 ἀρκοομίνων

8 2829 9 2872 ί
44 2813 79 2881 ἐτί
102 2819 142 2904 τῷ
169 2819 330 2904 νέμεσθαι
358 2821 397 2882 τὰ
426 2817 492 2904 ζῷα
520 2813 622 2883 αὐτῶν
651 2792 702 2890 εἰς
720 2817 772 2882 τὸν
797 2827 939 2884 τοιοῦτον
962 2821 1072 2896 τύπον,
1101 2820 1216 2892 καθὼς
1238 2823 1295 2884 καί

8 2875 65 2976 ί

8 2965 10 3022 η
44 2943 71 3002 τί
93 2953 150 3007 τῶν
185 2942 335 3007 τοιούτων
371 2951 520 3028 μοναχῶν
550 2940 617 3030 ζῷα
645 2939 690 3015 εὶς
718 2944 771 3006 τύν
801 2944 896 3007 τύπον
925 2953 984 3006 τῶν
1013 2942 1160 3006 τοιούτων
1187 2939 1296 3026 Μούρ-

44 3075 205 3152 μοοντηνῶν
234 3068 320 3130 κατὰ
354 3063 408 3152 τήν
442 3067 596 3151 προτέραν
625 3063 815 3152 σονηθιιαν,
850 3065 889 3152 ἢν
917 3064 1005 3152 ιῖχον
1032 3067 1088 3130 καί
1115 3069 1211 3152 μίχρι
1239 3075 1294 3131 τού

8 3261 9 3276 ρ
8 3195 93 3258 νύν,
126 3188 213 3255 ἀλλὰ
240 3194 440 3276 πειρωμένων
468 3199 680 3276 κατακρατεῖν
708 3187 764 3254 καὶ
790 3188 1018 3256 ίδιοποιείσδαι
1047 3187 1214 3275 ἆμετύχιος
1241 3191 1294 3254 τὸν

8 3299 9 3362 ί
43 3321 164 3379 τοιούτων
188 3317 286 3378 τύπον
309 3317 366 3378 καί
390 3309 575 3400 ἐδεήθησαν
598 3313 653 3378 διὰ
677 3322 769 3378 τούτο
790 3337 846 3401 της
870 3312 1069 3397 βασιλείας
1053 3334 1123 3398 μου,
1147 3309 1218 3400 ἥτις
1239 3317 1296 3378 καί

42 3431 194 3520 διορίζεταί
231 3459 297 3516 σοι,
332 3433 375 3510 ῶς
404 3435 442 3502 ἂν
466 3435 596 3525 ἐπιστης
621 3435 724 3502 ἐκεῖσε
748 3447 885 3510 τοπικῶς
914 3440 970 3502 καί
997 3440 1140 3524 τηρήσῃς
1168 3440 1208 3514 τὰ
1239 3445 1295 3524 της

42 3562 171 3648 τοιαύτης
208 3557 373 3648 ἀναφορᾶς
408 3558 525 3640 αὐτῶν,
560 3565 617 3626 καί
651 3560 737 3646 οἷπερ
766 3538 915 3648 ἐὑρήσεις
944 3555 1042 3638 οὕτως
1071 3560 1211 3648 ίχοοσαν
1240 3563 1295 3648 τὴν
1323 3555 1326 3566 '

43 3679 200 3770 αληδιιαν,
235 3685 450 3773 δερινδεύσης
477 3685 551 3758 τούς
579 3683 762 3771 ιίρημίνοος
791 3684 954 3771 μοναχούς
981 3687 1038 3750 καί
1066 3684 1294 3773 οίκονομήσης,

43 3801 83 3870 ἵνα
103 3813 188 3874 κατὰ
221 3812 278 3882 τὰς
309 3809 492 3896 παριληψιις
519 3819 580 3874 τῶν
606 3811 786 3895 προσόντων
815 3805 922 3884 αύτοίς
956 3809 1211 3896 χροσοβούλλων,
1247 3809 1295 3875 ἔτι

44 3929 70 3992 δί
98 3937 152 3997 καί
182 3933 301 3998 λοιπῶν
335 3917 570 4018 δικαιωμάτων
591 3936 648 3997 καί
681 3933 737 4019 την
771 3935 956 4020 συνήθειαν,
990 3929 1059 4020 ἥτις
1094 3933 1293 4020 ἐπεκράτησε

46 4059 122 4142 μίχρι
143 4067 199 4122 τού
223 4065 276 4122 νύν
301 4055 347 4129 τίς
371 4051 494 4134 αύτούς,
519 4060 684 4142 κατίχωσι
707 4059 764 4140 μὲν
787 4057 841 4120 τύν
857 4055 1078 4144 διαληφθίντσ
1102 4055 1221 4142 δρεινύν
1237 4061 1294 4122 καί

44 4176 206 4262 λιβαδιαῖον
237 4183 332 4244 τύπον
369 4175 480 4258 αύτῶν,
507 4183 564 4244 καί
598 4173 691 4244 ούδὲν
720 4175 905 4266 εὑρίσκωσιν
934 4177 986 4245 ἐπί
1010 4191 1049 4266 τη
1077 4191 1205 4268 κατοχῇ
1236 4177 1293 4246 καί

44 4315 108 4388 νομῇ
129 4299 227 4370 αὐτού
252 4307 331 4392 μήτε
353 4307 440 4389 παρὰ
463 4313 523 4367 τῶν
539 4303 784 4392 διαληρθίντων
806 4313 951 4382 τοπικῶν,
983 4306 1063 4390 μήτε
1085 4301 1159 4390 παρ’
1184 4301 1292 4391 δτέροο

45 4429 108 4500 τινος
129 4429 315 4514 διασιισμύν
337 4425 358 4514 ἢ
382 4427 654 4492 καταδοναστείαν
679 4431 759 4493 τινοί·
788 4427 888 4514 ἔχωσι
912 4431 1019 4513 μίντοι
1041 4431 1081 4492 τίι
1104 4437 1164 4492 τῶν
1188 4429 1293 4493 τοιού-

46 4567 93 4612 των
117 4551 179 4638 (spa
206 4554 262 4638 τὴν
289 4551 389 4638 νομήν
418 4548 519 4617 αὐτῶν
548 4549 592 4626 είς
615 4553 667 4616 τύν
692 4559 834 4616 τοιοῦτον
858 4554 952 4616 τύπον
977 4549 1161 4634 ἀκωλύτως,
1187 4549 1292 4620 ῶσαύ-

48 4693 94 4748 ιες
117 4679 171 4742 καὶ
204 4679 244 4742 τὰ
271 4685 331 4742 τῶν
360 4673 530 4762 ιίρημένων
558 4683 708 4764 μοναχῶν
736 4675 802 4762 <qia
830 4674 875 4750 είς
903 4678 956 4742 τύν
984 4678 1079 4742 τύπον
1102 4673 1218 4760 αὐτῶν,
1248 4675 1291 4754 ὃς
