3168 5274
277 239 345 306 368

277 433 410 500 νεῖσθαι
424 433 541 506 ταύτας
556 454 613 506 τας
629 431 835 520 δηλαθείσας
852 435 962 520 μυνάς,
984 431 1083 521 ἤγουν
1105 441 1161 500 τού
1184 429 1277 514 ἀηίου
1298 429 1465 498 Νικολάου
1484 440 1539 498 τού

279 555 523 643 Παλιρρυπάτου
539 561 604 622 ταί
618 565 675 644 τῆς
691 553 869 643 ύπεράγνου
894 579 954 644 μου
969 559 1170 645 θευμῆτορος
1185 567 1242 644 τῆς
1256 556 1444 642 Πορταρίας
1460 553 1539 642 ἀμε-

276 683 461 768 τατινῆτιυς,
475 678 726 768 ἀμετατρίπτιυς,
741 679 1005 761 ἀναπυσπάστανς,
1024 680 1244 756 ἀναλλοιιύτυις
1256 685 1313 746 νιαί
1329 679 1540 754 ἀδιαστίστυς

277 801 337 872 ύπό
353 806 409 892 τῆν
425 805 603 891 σεβασμίαν
619 807 853 893 πατριαρχιαῆν
869 815 925 872 τού
941 804 1130 892 Προδρύμου
1152 805 1260 893 μυνῆν,
1284 800 1360 892 μεθ’
1385 803 1428 870 ὧν
1448 801 1542 870 αύτσι

275 931 448 1014 αόατηνται
471 928 603 994 δικαίων
623 932 679 995 νιαί
693 934 881 1016 προνομίαν,
905 927 1002 1018 ἤγουν
1027 928 1231 1017 ἀμπελώνων,
1255 933 1462 1017 χυραριαίαν
1486 951 1540 994 το-

275 1055 442 1144 πίιυν,έηῆς
456 1048 590 1139 ὀρεινῆς,
605 1053 742 1141 πεδινῆς,
766 1053 958 1139 νομαδιαίας
974 1057 1030 1118 ιιαί
1053 1063 1114 1120 τιύν
1131 1051 1163 1118 όν
1181 1050 1290 1128 αόταίς
1305 1055 1540 1139 προσκαθημέ-

267 1194 335 1256 1νυιν
351 1197 380 1240 τι
396 1185 456 1240 νῶν
467 1173 608 1262 Βλάχονν
622 1179 680 1242 τιαί
694 1176 813 1242 λοιπῶν
827 1182 1002 1262 παροίνιον,
1018 1178 1133 1250 νιαθάς
1148 1181 1189 1244 τά
1205 1175 1377 1263 ότδοτῆρια
1392 1175 1540 1264 ἔγγραρσ

274 1307 330 1364 τού
358 1296 532 1366 ἐπισκόπου
554 1299 779 1388 Δημητριάδος
807 1301 1077 1387 διαλαμβάνουσι,
1101 1301 1155 1367 ααὶ
1181 1298 1229 1367 ’ύτι
1252 1304 1333 1388 μετὰ
1352 1303 1540 1386 παρίλευσιν

272 1424 385 1504 τούτου
412 1431 467 1489 τού
497 1421 672 1489 ἀπισαόπσυ
706 1425 842 1501 τιαθόξιι
875 1423 1068 1491 ἀπτνττύθτν
1101 1421 1121 1512 ἡ
1156 1426 1287 1510 τοιαύτη
1320 1425 1539 1510 πατριαρχιιιῆ

272 1555 328 1612 τού
364 1545 554 1634 Πρυδρόμυυ
582 1547 661 1634 μονῆ
687 1550 790 1634 πάντη
819 1545 1065 1637 ἀπροφασίστως
1098 1547 1156 1614 ναὶ
1184 1546 1380 1622 αύθενταιῶς
1407 1549 1485 1622 τούς
1509 1547 1540 1612 ἐν

273 1669 317 1755 τιρ
348 1673 433 1757 τόπερ
461 1678 517 1736 τού
545 1670 789 1758 Παλιρρυπάτου
815 1674 1108 1759 προσνισθημόνυυς
1130 1675 1264 1750 πάντας,
1293 1669 1336 1746 ίυς
1359 1675 1394 1738 τό
1419 1671 1539 1758 ίγηρα·

272 1814 333 1878 ρον
355 1803 410 1860 τού
432 1793 655 1881 Δημητριάδος
678 1795 781 1881 δηλοῖ,
811 1795 946 1882 μηδενός
974 1797 1010 1860 τό
1032 1799 1181 1881 παράπαν
1206 1796 1352 1884 μηδύλας
1375 1793 1539 1883 ἐπιχειρῆ-

273 1938 387 1993 σσντας
409 1915 430 2006 ῆ
454 1929 510 1984 τού
534 1927 588 1985 νῦν
611 1916 785 1985 ἀπισαόπυυ
807 1918 1030 2007 Δημητριάδσς
1058 1927 1113 1986 τού
1136 1919 1322 2005 Παναρίτσυ
1345 1918 1366 2008 ῆ
1390 1930 1447 1986 τού
1473 1926 1540 2006 μετ’

272 2037 369 2108 αότόν
403 2039 746 2130 δπιτιηρυχθησομίνυο
781 2041 1006 2130 Δημητριάδος
1039 2041 1060 2132 ἡ
1098 2045 1192 2110 πάλιν
1227 2053 1282 2108 τού
1318 2041 1384 2130 μετ’
1416 2041 1539 2110 ἀαεῑνον

271 2163 483 2250 όλεοσομόνου
508 2164 530 2254 ἦ
558 2173 614 2231 τού
637 2164 805 2255 όσύσττρον
827 2165 848 2256 ἢ
871 2163 954 2242 ύλιος
977 2177 1032 2234 τού
1059 2170 1203 2256 καθεξῆς
1231 2171 1312 2254 μττά
1334 2167 1459 2240 πολλὰς
1482 2171 1540 2232 τιαί

268 2289 531 2378 δυσαριθμήτους
562 2286 661 2378 ἡλίων
694 2292 891 2378 περιδρομὰς
915 2289 936 2379 ἢ
964 2301 1019 2357 τού
1047 2293 1164 2358 τούτων
1193 2295 1270 2358 ποτί
1302 2291 1540 2377 μητροπολίτοο

263 2411 438 2501 «Λαρίσσης
472 2411 646 2502 ἀνατρίψαι
672 2413 693 2504 ῆ
724 2413 885 2504 ἀθετῆσαι
911 2413 931 2504 ἢ
961 2413 1043 2490 ὅλοις
1069 2415 1314 2502 παρασαλεύσαι
1341 2417 1539 2480 τὰτοιαῦτα

270 2535 420 2626 ίηηραφα
454 2537 658 2624 δικαιώματα
685 2543 743 2606 καί
769 2549 825 2629 τῆς
852 2548 1088 2628 πατριαρχινιῆς
1123 2547 1178 2604 τοῦ
1211 2537 1402 2624 Προδρόμου
1439 2546 1539 2622 μονῆς

271 2657 443 2740 ίξιλίσθαι
477 2658 570 2742 αύτά,
605 2663 647 2750 μῆ
682 2661 727 2740 ιδς
762 2667 898 2750 μετόχια
920 2661 1037 2750 ταύτης
1060 2667 1237 2750 τυγχάνειν,
1272 2659 1343 2726 ἀλλ’
1376 2660 1448 2746 ἰδία
1482 2664 1538 2726 τιαί

270 2783 334 2850 ἀνα
358 2791 468 2872 μίρος,
503 2783 575 2850 ούτε
599 2788 659 2875 μην
682 2790 758 2854 ποτλ
781 2798 841 2852 τῶν
865 2798 984 2874 πατρῶν
1008 2790 1089 2874 μετὰ
1116 2791 1257 2854 θάνατον
1285 2795 1345 2852 τῶν
1371 2789 1537 2872 ατητόρονν

262 2911 386 2974 ,τούτων
420 2906 441 2996 ῆ
470 2919 530 2976 τόν
562 2911 685 2976 παίδων
711 2915 768 2976 ααί
802 2912 961 2998 διαδόχων
991 2907 1092 2977 αύτῶν
1119 2907 1241 2998 ύποστῆ
1269 2911 1324 2996 την
1353 2907 1538 2976 ἀπόσπασιν
1567 2979 1573 2988 ,

266 3034 385 3099 τούτων
405 3035 462 3098 ταί
483 3034 539 3122 τῆν
563 3033 731 3122 ἀφαίρεσιν
754 3031 774 3123 ἡ
799 3031 937 3122 ῥηθεῐσα
956 3035 1113 3108 πολλάκις
1134 3034 1295 3120 σεβασμία
1313 3035 1536 3120 πατριαρχιαῆ

268 3165 323 3222 τού
356 3155 545 3244 Προδρόμου
573 3156 702 3248 μονῆῆ
735 3161 812 3246 πρός
838 3159 971 3224 πλείονα
1004 3159 1221 3246 τιαθτλνιυσθῆ
1249 3165 1305 3224 τοῦ
1337 3163 1536 3244 τεταημίνυυ

261 3285 353 3366 ,παρὰ
380 3291 436 3348 τού
460 3280 688 3368 Δημητριάδσς
716 3290 887 3349 αανυνιυτυδ
912 3285 1055 3370 ίῆτησιν·
1085 3286 1184 3369 μόνας
1209 3285 1270 3366 ηάρ
1297 3283 1406 3368 λίτρας
1431 3289 1536 3368 αηροῖι

265 3408 425 3488 τόσσαρας
453 3405 611 3470 τετύπυιιτ
645 3405 771 3472 διδόναι
796 3402 817 3494 ἡ
845 3415 901 3471 τού
925 3403 1018 3486 ἁγίου
1039 3404 1205 3472 Νικολάου
1233 3405 1312 3494 μσνῆ
1340 3399 1419 3494 πάθ’
1450 3403 1534 3470 δοια-

268 3545 342 3592 στσν
370 3530 512 3612 χρόνον,Ι
528 3513 612 3614 ἠῗδί
637 3539 693 3616 τῆς
714 3527 901 3615 Πορταρόας
930 3541 1011 3616 τρεῖς
1035 3531 1146 3616 λίτρας
1168 3537 1268 3615 αηρυύ
1291 3537 1351 3594 τῶν
1374 3531 1536 3612 τεττάρων

264 3647 452 3736 ἀτάλαττον,
472 3653 586 3724 παθάς
610 3663 673 3726 τοῖς
697 3649 898 3740 ἀπδοτηρίοις
922 3651 1096 3742 δηγρτίφυις
1119 3651 1387 3740 ἀμπεριείληπται.
1416 3652 1534 3738 διατη-

265 3775 395 3862 ρηθτίεν
422 3781 497 3854 γοδν
530 3778 571 3841 τά
598 3771 632 3840 ἀν
660 3778 789 3850 ταύταις
822 3779 926 3842 πάντα
952 3777 1115 3862 προβάντα
1142 3776 1289 3864 ίηηραφα
1315 3775 1535 3858 δικαιώματα,

265 3901 323 3963 ναί
348 3895 393 3973 δς
422 3901 558 3986 μετόχια
585 3907 641 3987 τῆς
667 3909 722 3966 τού
746 3899 936 3986 Προδρόμου
963 3907 1062 3987 μονῆς
1084 3909 1284 3986 παριστύντα
1309 3903 1412 3985 πάντη
1437 3921 1535 3984 στερ-

263 4026 355 4101 ατία,
379 4023 504 4106 βίβαια,
529 4026 657 4108 μόνιμα,
681 4021 914 4110 ἀμετάτρεπτα,
939 4023 1141 4088 ἀναλλοίωτα
1163 4020 1220 4088 οιαὶ
1244 4019 1465 4109 ἀμεταπίνητα
1488 4021 1535 4096 είς

267 4143 339 4218 τούς
367 4143 438 4234 ίίῆς
467 4143 610 4220 ἅπαντας
637 4150 694 4212 καί
716 4147 871 4234 διηνενιείς
894 4149 1045 4233 χρόνους,
1074 4145 1102 4210 εί
1125 4147 1167 4232 μῆ
1193 4145 1341 4229 βούλεται
1363 4141 1382 4210 δ
1407 4143 1534 4232 λπιχτι-

256 4272 371 4356 ,μνῆστιν
399 4273 594 4356 μετατρόψαι
621 4278 721 4336 ταῦτα
747 4293 768 4357 η
790 4273 868 4355 πρός
892 4268 1046 4356 ἀθίτησιν
1071 4266 1151 4342 ὅλας
1180 4277 1326 4356 χωρῆσαι
1348 4267 1369 4358 ἢ
1393 4277 1449 4336 τού
1477 4293 1533 4335 τε·

266 4391 424 4480 τσημίνσσ
451 4403 623 4460 νιανυνιαού
646 4395 779 4460 πλείονα
808 4395 948 4480 ίῆτησιν,
973 4391 1038 4478 νιάν1
1062 4390 1169 4467 ὁποῖος
1196 4392 1259 4478 ἀρα
1281 4397 1338 4458 καί
1365 4393 1424 4480 εἴη,
1452 4397 1533 4480 πρὸς

265 4517 309 4602 τιρ
336 4514 539 4604 δπηρτημίνιρ
568 4521 654 4603 παρὰ
677 4525 733 4604 τῆς
761 4513 850 4604 ἡμῶν
874 4521 1079 4605 μετριότητος
1103 4517 1252 4605 ρρινιιύδιι
1281 4514 1450 4605 ἀρυρίσμιζυ
1475 4523 1534 4582 ααί

266 4637 404 4726 εόθύνης
442 4647 613 4733 πανυνιιιῆς
652 4636 893 4730 ύποστῆστσθαι
935 4645 991 4706 νιαί
1032 4641 1212 4732 καταδίκης
1255 4638 1533 4727 όταλησιαστιαῆς
