3140 5284
1233 234 1296 300 153

127 423 458 503 ’γ’ίωοιννίκιος
497 426 816 514 ἱερομίναχος
856 437 1096 514 μαρτυρῶν
1135 425 1207 492 έπί
1241 437 1292 513 τη

63 549 240 632 ταρούση
269 549 466 614 έκδάσει
501 545 744 637 ἀπέγραψα
771 555 800 632 †.
840 549 1023 638 ηὉτης
1052 557 1129 615 τοῦ
1158 547 1294 630 άγίου

61 671 1292 760 ΝικολάουμονηςκαθηγοῦμενοςΠαῦλοςμαρτυρῦν

62 791 325 881 ὃτέγραφαγ.

239 1059 404 1128 LXXXIX.
423 1063 651 1142 6765-1256,
668 1083 774 1130 mense
790 1062 909 1140 martio,
926 1061 989 1128 ind.
1008 1063 1072 1130 XV.

216 1209 424 1266 comeant-inm
439 1211 563 1267 Ονειίοιιε
579 1213 633 1267 alis·
647 1214 818 1268 ταοπαείενίο
833 1212 958 1266 venduut
972 1228 1097 1282 οαοιροε.

121 1357 216 1440 ’[Τό
250 1366 512 1448 πρατήριον
545 1363 780 1452 ἔγγραφον
819 1361 1178 1430 Κωνοταντίνου
1215 1369 1293 1426 τοῦ

60 1481 279 1569 Κρητικοῦ,
307 1485 549 1552 Νικολάου
577 1495 654 1550 τοῦ
682 1485 905 1572 Δερματά,
933 1485 1293 1552 Κωνσταντίνοο

60 1617 114 1670 τοῦ
141 1607 504 1696 Κατζιβαρηνοῦ
538 1609 618 1675 καί
655 1619 737 1674 τῶν
771 1609 945 1674 παίδων
982 1603 1127 1674 αὐτῶν
1155 1612 1293 1694 χάριν

60 1741 112 1796 τοῦ
148 1731 212 1806 είς
258 1735 333 1798 τὸν
377 1737 598 1819 τερίορον
641 1743 723 1798 τῶν
765 1733 1010 1798 Παλατίων
1052 1735 1293 1818 χωραφίοο

60 1851 222 1952 τυτιῦνῒ.

121 1995 211 2076 Σίγνα
239 1996 482 2063 Κωνοταντίνου
508 2006 564 2063 τοῦ
592 1995 770 2085 Κρητικοῦ,
797 1995 1036 2064 Κωνοταντίνοο
1063 1997 1120 2062 καί
1146 1993 1290 2060 Ἰωάννου

60 2129 99 2182 τάν
121 2119 186 2184 σίων
214 2118 330 2200 αὐτοῦ,
365 2119 530 2186 Νικολάου
557 2129 612 2187 τοῦ
639 2121 803 2208 Δερματᾶ,
830 2119 1068 2188 Κωνοταντίνοο
1093 2127 1148 2184 τοῦ
1170 2117 1289 2194 Kata-

59 2243 173 2330 βαρηνοῦ.

119 2384 210 2463 ’γἘν
239 2385 375 2472 ὀνόματι
401 2407 432 2451 τι.
456 2407 482 2450 τ.
507 2387 537 2450 λ.
565 2385 800 2460 Κωνσταντίνος
825 2383 842 2450 ὁ
864 2383 1025 2471 Κρητικάς
1048 2389 1104 2450 καὶ
1126 2383 1291 2460 Νικόλαος

59 2503 234 2594 έΔιρματάς
264 2513 322 2574 καί
345 2507 375 2573 οἱ
399 2513 523 2596 γνήσιοι
553 2505 654 2573 αὐτῶν
675 2509 785 2581 παῖδες
808 2531 839 2576 κ.
864 2531 889 2574 τ.
914 2509 942 2572 λ.
966 2509 1022 2594 τήν
1044 2517 1209 2594 παροῦσαν
1233 2507 1290 2588 ἔγ-

21 2607 22 2686 J
59 2651 146 2718 γριφον
170 2638 225 2696 καί
257 2631 473 2721 ένυπάγραφον
503 2643 563 2697 τῶν
592 2635 742 2706 κάτωθεν
771 2625 1001 2720 ῥηθησομένων
1030 2637 1200 2722 χωραφίων
1227 2652 1291 2697 κα-

59 2755 134 2838 θαράν
154 2762 207 2821 καί
232 2760 373 2846 φανεράν
395 2767 509 2842 πρᾶσιν
526 2805 661 2822 ......
700 2765 875 2842 ποιοῦμεν.
894 2804 901 2820 .
919 2805 927 2822 .
945 2807 952 2821 .
982 2759 1059 2842 πρὸς
1088 2761 1134 2832 σέ,
1163 2759 1216 2822 τὸν
1244 2779 1292 2820 τι-

60 2883 182 2958 μιώτατον
208 2882 461 2967 καθηγούμενον
491 2889 546 2966 τῆς
574 2881 751 2964 σεβασμίας
780 2888 878 2965 μονῆς
906 2889 966 2942 τῶν
993 2878 1130 2966 Λέμβων
1155 2901 1184 2944 κ.
1210 2903 1236 2946 τ.
1261 2881 1290 2942 λ.

60 3005 142 3076 ιοθάς
163 3005 403 3092 δηλωθήσεται·
426 3007 483 3067 καὶ
507 3006 567 3089 γὰρ
590 3007 629 3066 τὰ
653 3007 811 3089 χωράφια,
836 3000 915 3088 άπερ
937 3003 1055 3089 ἔχομεν
1079 3000 1110 3067 έν
1134 3013 1173 3090 τῇ
1196 3024 1293 3068 τοπο-

60 3127 130 3211 θεσίφ
152 3140 209 3192 τῦν
245 3129 416 3194 Παλατίων
445 3125 520 3192 ὡσεί
548 3128 665 3212 μοδίων
693 3124 769 3191 ὄντα
796 3125 925 3204 έκατάν,
954 3129 1009 3214 τὴν
1036 3137 1149 3212 πρᾶσιν
1177 3127 1292 3190 τούτων

60 3247 259 3339 ίιεφημίσαμεν
296 3273 327 3318 κ.
356 3275 381 3316 τ.
417 3253 445 3314 λ.
474 3247 604 3335 ὕστερον
631 3252 667 3314 δέ
703 3254 826 3316 πάντων
859 3254 1108 3338 περιεστησαμεν
1144 3247 1225 3316 αὐτὰ
1254 3247 1292 3314 έκ

61 3373 208 3458 συμφωνίας
231 3379 292 3440 καί
317 3371 484 3460 ἀρεσκείας
509 3372 694 3462 ἀμφοτέρων
718 3373 762 3448 είς
785 3372 965 3460 νομίσματα
994 3369 1293 3460 έξάγιαάπέρπορα

61 3491 155 3575 ἕνδεκα,
188 3501 209 3564 ά
236 3500 278 3586 δὴ
307 3503 364 3563 καί
392 3497 547 3584 ἐλάβομεν
576 3518 607 3562 κ.
636 3520 662 3560 τ.
686 3499 714 3562 λ.
751 3503 852 3562 τοίνυν
887 3501 942 3562 καὶ
976 3495 1212 3583 παραδιδοῦμέν
1241 3520 1293 3561 σοι

62 3621 234 3687 τὰτοιαῦτα
269 3626 421 3710 χωροίφια
456 3619 533 3686 ὡσεί
561 3623 678 3707 μοδίων
709 3619 838 3699 ἑκατὸν,
874 3625 931 3686 καί
966 3620 1108 3709 ἀφείλετε
1143 3626 1293 3708 κατέχειν

61 3750 134 3808 ταῦτα
151 3751 204 3810 καί
227 3747 388 3831 νέμεσθαι
410 3748 466 3809 καί
490 3747 545 3832 τὴν
570 3743 602 3820 έξ
625 3741 726 3810 αὐτῶν
751 3743 971 3834 ἀποφέρεσθαι
993 3747 1150 3831 πρόσοδον
1173 3765 1203 3810 κ.
1221 3767 1247 3809 τ.
1264 3745 1293 3808 λ.

62 3859 248 3954 ὁμολογοῦμεν
274 3877 330 3932 τοῦ
358 3869 400 3964 μὴ
426 3867 470 3941 είς
499 3867 675 3956 ἀνατροπὴν
697 3873 754 3933 καί
778 3870 990 3956 μεταμέλειαν
1018 3872 1220 3958 χωρηθιῦμεν
1238 3865 1244 3930 ζ
1262 3916 1294 3932 ..

64 3983 190 4057 ἀλλὰκαὶ
213 3991 295 4079 ἅπερ
324 3991 480 4078 ἐλάβομεν
503 3997 699 4080 νομίσματα,
724 3991 773 4058 ἐπὶ
796 3993 831 4058 τά
855 3993 1020 4058 διπλάσιον
1045 3991 1294 4077 ἀναστρέψωμεν

63 4115 118 4194 πρὸς
137 4119 170 4180 οέ
191 4138 220 4181 κ.
247 4139 274 4182 τ.
300 4117 329 4181 λ.
355 4119 510 4202 καὶπρὸς
534 4119 587 4180 τὸν
611 4115 765 4202 δημόσιον
790 4119 987 4203 ζημιοῦσθαι
1008 4113 1175 4205 ὀφείλομεν
1199 4110 1294 4199 ἀπέρ-

64 4253 121 4318 τορα
140 4244 307 4326 τριάκοντα
330 4243 407 4325 πρὸς
434 4241 468 4305 τά
492 4244 548 4305 καί
577 4237 674 4313 οὕτως
704 4239 865 4326 ἐρρῶσθαι
891 4245 947 4305 καὶ
976 4238 1107 4324 βεβαίαν
1135 4235 1294 4323 διαμένειν

66 4357 102 4442 την
120 4371 273 4448 παροῦσαν
291 4415 298 4428 .
317 4413 325 4429 .
343 4415 350 4428 .
369 4414 377 4428 .
399 4373 514 4448 πρᾶσιν
543 4363 587 4438 είς
615 4367 667 4429 τάν
682 4362 797 4428 ἀίωνα
820 4365 872 4428 τάν
896 4361 1029 4427 ἅπαντα.
1059 4384 1112 4448 μη
1126 4365 1165 4426 νί
1194 4383 1249 4446 μα
1262 4385 1294 4445 ρ-

66 4467 721 4574 τίφὶνδ.ἀ’τοῦ,ςφξε’ἔτουςη.

129 4626 202 4704 †‘0
236 4626 431 4714 εὐτελὴς
465 4627 618 4713 ίερεῦς
646 4633 724 4694 καί
752 4633 897 4715 μέγας
932 4625 1187 4712 οἰκονόμος
1216 4635 1294 4710 τῆς

423 4777 427 4788 .
1034 4731 1102 4788 11⁸
