3140 5284
1198 265 1258 330 1⁷3

96 453 166 534 †‘0
193 455 365 528 δοῦλος
393 463 470 520 τοδ
497 464 729 542 κραταιοῦ
756 461 833 522 καί
861 455 998 536 ἁγίου
1026 453 1258 524 αδδίντου

38 581 89 643 ταί
115 575 568 666 βασιλέως,Μιχαηλ
595 577 613 645 ὁ
640 577 910 668 Πεπρίτῑης,
946 579 1259 667 οἰκείαχειρί

38 705 266 787 προέγραψα
300 705 329 782 †.
733 783 737 790 ι

95 823 182 904 ῩἘν
209 823 345 911 ὀνόματι
378 846 409 890 κ.
442 849 468 890 τ.
502 826 532 890 λ.
561 823 624 905 ἐγώ
652 829 846 912 στρατιώτης
874 825 1008 913 Μιχαὴλ
1036 823 1053 892 ὁ
1086 825 1258 914 Πετρίτζης

91 917 137 1036 τάν
156 957 319 1034 παροῦσαν
337 999 345 1014 .
362 1001 369 1014 .
388 999 395 1015 .
419 961 610 1035 πρᾶσιν...
634 959 785 1036 ποιοῦμεν
809 948 985 1024 ἑκουσίως.
1004 1001 1036 1017 ..
1061 954 1117 1016 καί
1137 945 1197 1016 υάκ
1218 949 1257 1016 ἔκ

39 1096 91 1148 τινος
112 1070 326 1158 ἀνάγκης...
361 1069 381 1161 ἢ
410 1077 532 1161 φώκπου
568 1071 699 1153 ἀγνοίας
727 1071 748 1161 ἢ
777 1078 961 1154 γυναικείας
996 1071 1152 1162 αίδοῦςῆ
1184 1077 1257 1148 νοὸς

39 1196 163 1269 ἀσθενείας
197 1217 229 1260 κ.
270 1217 298 1261 τ.
333 1197 361 1261 λ.
392 1246 400 1263 .
430 1245 438 1261 .
466 1244 475 1262 .
512 1199 591 1281 πρὸς
626 1200 677 1274 σὲ,
719 1198 771 1262 τών
813 1199 1050 1262 πανυσιώτατον
1085 1199 1257 1284 καθηγού-

38 1340 97 1403 μενον
119 1327 169 1406 της
203 1321 379 1405 σεβασμίας
406 1323 463 1383 καί
489 1317 582 1399 ἁγίας
613 1321 781 1407 βασιλικῆς
808 1329 982 1406 μονῆς...
1011 1321 1125 1394 καθώς
1148 1321 1255 1407 δηλω-

38 1446 140 1530 ίίμεται.
167 1447 224 1508 καί
258 1447 322 1529 γὰρ
350 1447 385 1508 τὸ
408 1448 572 1533 χωροίφιυν
601 1447 635 1508 τδ
663 1443 696 1510 ἐν
723 1455 763 1530 τῇ
789 1447 967 1528 τοποθεσίφ
994 1453 1048 1510 τοῦ
1073 1443 1199 1531 Πώργου
1222 1446 1258 1510 τὸ

38 1566 213 1653 ὲεάεγίμενον
236 1575 297 1652 τῆς
316 1565 532 1654 Καλοριίίκου
555 1565 631 1633 ώσεί
648 1572 833 1655 στρέμματα
855 1572 1035 1654 τριάκοντα,
1058 1569 1258 1656 πλησιαστάς

39 1689 86 1774 ίγιν
106 1687 160 1754 ἀπὸ
187 1691 245 1776 μέν
270 1686 430 1776 ἀνατολῆς
453 1693 488 1754 τδ
511 1663 675 1779 χωροίφιον
697 1699 753 1756 τοῦ
776 1699 873 1778 κυροδ
896 1691 1023 1770 Πόδου,
1054 1690 1115 1757 ἀπδ
1139 1692 1175 1756 δέ
1199 1691 1256 1757 διί-

39 1834 87 1886 τεις
107 1817 137 1878 τδ
168 1817 334 1904 χωρώφιον
361 1823 418 1902 τῆς
444 1814 725 1904 Ὀλυμπηδαραίας
752 1817 809 1880 καί
834 1823 890 1881 τοδ
917 1815 1086 1901 Δροσινου,
1114 1812 1176 1880 ἀπδ
1202 1815 1257 1898 βο-

38 1941 89 2016 μίιυ
109 1943 267 2028 χωράφιον
297 1941 497 2004 δεσποινικδν
525 1944 582 2005 καί
609 1937 672 2006 ἀπὸ
699 1944 803 2006 νοτίου
830 1941 866 2004 τδ
889 1942 1053 2028 χωραίφιον
1077 1946 1132 2003 τοῦ
1154 1937 1257 2005 Καδι-

39 2069 92 2141 ιιιδ,
111 2059 315 2150 ἠθελήσαμεν
342 2072 434 2131 τοῦτο
469 2062 735 2151 ἀποποιησασδαι
760 2066 817 2128 καί
846 2061 891 2137 είς
927 2061 1029 2136 ἀκοὰς
1057 2061 1156 2128 ἐλθών
1187 2068 1256 2139 σοδ,

39 2191 69 2246 ιώ
87 2184 277 2272 δηλωθέντος
306 2189 570 2276 καθηγουμένου,
606 2191 661 2252 καί
690 2197 750 2252 τών
779 2181 838 2252 ἀπὸ
866 2189 902 2251 σέ
938 2195 1098 2273 μοναχών,
1130 2189 1186 2250 καί
1213 2183 1259 2259 είς

40 2305 113 2386 λίγυυς
135 2307 280 2397 ἤλθομεν
308 2314 349 2374 τὰ
384 2314 465 2397 μέρη
494 2308 660 2398 ἀμφότερα
686 2313 755 2396 περί
783 2317 839 2396 τῆς
862 2311 974 2374 τουτου
997 2317 1105 2396 τιμῆς,
1129 2305 1260 2394 ὕστερον

40 2432 119 2496 εάντων
141 2437 395 2520 τεριεστήσαμεν
424 2431 521 2521 αὐτὴν
551 2432 613 2500 ἀπὸ
643 2438 824 2522 συμφωνίας
851 2437 909 2499 καί
935 2443 1044 2521 κοινῆς
1070 2429 1159 2520 ἡμῶν
1183 2429 1259 2518 ἀρε-

41 2559 110 2628 αείπς
125 2552 306 2642 ὑπεραίρων
321 2558 403 2622 δέκα
420 2554 516 2644 ἱππαρ
532 2607 540 2623 .
558 2607 565 2622 .
583 2605 591 2622 .
608 2555 706 2644 ἤγουν
724 2555 770 2629 εὶς
785 2558 821 2622 ιδ
837 2557 871 2622 ἓν
886 2551 1059 2642 δπέρπυρον
1076 2559 1259 2642 στρέμματα

41 2681 90 2758 τρία,
112 2677 234 2746 ἐνώπιον
263 2685 322 2747 καί
349 2691 409 2748 τών
436 2683 586 2746 κάτωθεν
614 2678 804 2769 ὀφειλόντων
832 2690 1087 2769 σιγνογραφῆσαι
1114 2679 1156 2753 ιδς
1180 2701 1258 2766 μαρ-

41 2799 99 2884 ώρυν
114 2809 217 2882 τοίνυν,
246 2809 305 2870 καί
325 2805 600 2892 παραδεδώκαμεν
628 2799 699 2891 ὑμῖν
720 2805 756 2868 τὸ
781 2801 1063 2890 ἀναγεγραμμένον
1095 2805 1254 2890 χωροίφιον

40 2941 56 2984 2.
74 2947 91 2989 ι.
112 2929 136 2992 λ.
158 2925 236 2994 ὅθεν
260 2930 370 2993 λοιπδν
394 2926 629 3016 ἐπερωτώμενοι
660 2925 879 3014 ὁμολογοῦμεν
903 2937 958 2992 τοῦ
982 2927 1024 3013 μὴ
1049 2925 1094 3000 εἰς
1119 2924 1254 3010 ἀνατρυ·

40 3045 73 3128 τὴν
91 3054 136 3116 καί
159 3053 342 3138 μετοίμελον
376 3059 431 3118 τοῦ
458 3055 613 3139 παρόντος
641 3047 729 3138 ἡμων
758 3049 918 3140 ἐγγράφου
950 3051 1174 3138 χωρηθῶμεν.
1194 3099 1201 3114 .
1219 3098 1253 3114 ..

41 3165 90 3234 ωλά
115 3179 164 3240 καί
196 3167 321 3250 δόσεως
354 3181 528 3268 προστίμου
563 3173 771 3262 ἀποδώσομεν
806 3177 913 3260 λίτραν
950 3178 1099 3260 μίαν...
1135 3176 1191 3238 καί
1218 3173 1254 3238 τδ

40 3299 91 3358 ιιιί
116 3301 223 3384 νίμους
259 3297 304 3374 είς
333 3302 385 3364 τόν
415 3301 572 3388 δημόσιον
593 3320 625 3366 κ.
653 3322 679 3364 τ.
707 3301 736 3366 λ.
766 3301 873 3384 μηνί
908 3301 1081 3384 μαρτίιρ
1115 3295 1196 3362 ίνδ.
1225 3297 1252 3362 δ’

42 3425 87 3480 ῑίῦ
110 3423 232 3509 Ιςψπδ
267 3423 358 3496 ἔτους
385 3421 515 3490 ἐνώπιον
547 3428 603 3488 καί
631 3431 691 3488 τών
718 3426 886 3508 κατωτέρω
920 3425 1253 3510 σιγνογραφησιίντων,

41 3535 101 3620 ἤγουν
118 3555 166 3612 τοδ
198 3548 317 3620 δυυκδς
350 3556 411 3612 τών
439 3548 648 3613 δεσποινικιδν
675 3549 860 3633 κτημάτων,
895 3551 991 3628 κυμοδ
1025 3543 1169 3620 Ἀλεξίου
1197 3553 1252 3610 τοῖν

42 3657 232 3748 Ξινδιποάλοο,
255 3675 312 3735 καί
335 3667 457 3757 ἑτέρων.

21 3775 23 3866 ἀ
95 3805 177 3888 Σίγνα
203 3812 377 3898 μαρτύρων·
400 3809 638 3878 Κωνσταντίνυυ
661 3818 717 3874 τοδ
739 3809 885 3892 Καπνοδ,
912 3809 1071 3896 Γεωργίου
1094 3819 1149 3874 τοῦ
1172 3807 1252 3896 Ἀφ-

21 3937 98 4008 ,ίίίᾶι
117 3917 252 3998 Ἰωάννου
275 3943 330 3998 που
345 3933 489 4019 Μακροδ,
513 3931 639 4021 Νικητα
662 3941 717 4000 τοῦ
740 3931 887 4020 Βαχάνη,
911 3931 1056 3999 Ἰωοίννου
1072 3941 1127 3997 τοῦ
1150 3929 1253 3998 Χλια-

45 4060 111 4131 πηοί,
129 4053 220 4122 Ξένου
243 4067 298 4124 τοῦ
321 4056 538 4144 Λαοδικηνοδ,
563 4055 708 4122 Ἰωάννου
730 4067 785 4122 τοῦ
809 4057 930 4122 Ἀσκου
953 4060 982 4136 †.

21 4149 23 4256 ἀ
97 4193 1252 4286 ῒὉεάτεληςἱερεὺςκαίνομικόςχωρίουὌξους

46 4306 185 4400 ἐίνριάς
225 4321 596 4408 Κυρδολέοντος,
635 4317 775 4393 Ξένος
813 4317 830 4384 ὁ
867 4315 1075 4394 Μυδινός,
1115 4319 1163 4380 τὰ
1201 4316 1254 4403 τῷ

47 4427 1249 4532 ἷίειδηλοόμεναγράψαςκαίμαρτυρώνὺπέγραψαγ.
