3140 5306
1255 275 1320 340 235

49 461 151 550 ι’,γουν
181 464 225 549 τῷ
254 459 313 550 υἱῷ
347 471 402 552 τῆς
429 463 621 552 Βραναίνης,
650 461 734 531 ἀλλὰ
758 465 797 553 δὴ
825 469 881 531 καί
908 476 987 532 πᾶσι
1009 475 1074 542 τοίς
1101 470 1187 532 κατὰ
1209 469 1321 553 ιιαιρύν

49 591 209 670 αραιούσί
236 609 270 651 τε
299 591 356 652 ιιαί
390 585 585 674 διενεργούσι
618 590 654 653 τύ
683 597 823 653 τοιοῦτον
850 597 958 676 κτῆμα
984 585 1073 676 ἡμῶν
1103 597 1159 654 τού
1192 585 1322 676 ἀπέχειν

50 707 113 774 απτ)
140 721 200 800 τῆς
223 713 373 798 τοιαύτης
396 721 455 800 γῆς
478 717 534 776 ιιαί
559 713 601 800 μη
626 710 769 800 ἐνοχλεῖν
793 713 855 778 εἶτε
878 715 1029 779 διασείειν
1050 715 1124 786 τούς
1147 712 1180 778 ἐν
1203 726 1242 801 τῇ
1267 736 1321 780 σε·

50 835 178 920 βασμία
206 845 289 922 μονῇ
318 836 479 921 μοναχούς
509 845 568 899 τῶν
596 833 732 921 Λέμβων
760 835 793 900 ἐν
816 848 855 924 τη
879 839 1008 925 τοιαύτη
1037 849 1078 924 γη
1103 839 1137 903 τύ
1160 841 1321 922 παροίταν,

51 956 136 1021 ἀλλὰ
163 955 269 1043 μένειν
293 959 407 1046 ταύτην
432 957 483 1023 ἐπί
505 969 543 1046 τῇ
557 967 622 1046 τῆς
638 941 785 1046 τοιαύτης
810 969 907 1047 μονης
931 957 1067 1045 ἐξουσία,
1092 959 1175 1025 ἀλλὰ
1200 961 1239 1046 δη
1263 965 1320 1026 ιιαί

51 1091 106 1166 τῆς
134 1083 225 1145 τιατὰ
253 1083 309 1168 την
336 1091 389 1146 νύν
418 1082 597 1147 ἐνεστῶσαν
625 1087 776 1170 τετάρτην
803 1082 997 1162 ίνδιιιτιῶνα,
1025 1081 1080 1148 ἐιίν
1103 1107 1151 1157 τις
1176 1083 1320 1172 έρθασιν

52 1203 112 1266 εἴτε
137 1209 289 1291 χωρίτης,
314 1201 375 1268 εἴτε
399 1201 461 1270 ἀπὸ
484 1215 544 1268 τῶν
567 1201 727 1292 ἡμετέραν
756 1203 931 1291 ἀνθρώπων
954 1216 1014 1272 τῶν
1039 1203 1070 1271 ἐν
1094 1205 1136 1293 τῷ
1160 1209 1318 1294 ζευγηλα-

52 1333 123 1414 τείιρ
154 1349 217 1414 μου
240 1337 296 1392 τού
320 1331 455 1414 σπείρειν
483 1327 517 1394 ἐν
546 1351 602 1394 τινι
626 1335 715 1416 μέριι
749 1338 803 1394 τού
831 1339 887 1416 τῆς
915 1341 1013 1418 μονης
1040 1335 1238 1418 χυραριαίου
1266 1333 1319 1394 τό·

50 1475 124 1530 του,
156 1449 278 1540 δρείλει
304 1461 360 1517 τού
389 1451 510 1516 διδόναι
537 1449 570 1516 ἐν
597 1463 636 1540 τη
659 1454 788 1538 τοιαύτη
825 1465 905 1540 μονῇ
934 1455 989 1540 τήν
1024 1453 1172 1520 εἰωθυῖαν
1202 1455 1319 1540 μορτην

53 1574 126 1639 ἄνευ
156 1577 240 1648 τινύς
268 1575 375 1654 λόγου.
411 1575 464 1640 διὰ
499 1577 560 1661 γὰρ
594 1585 686 1652 τούτο
714 1579 769 1640 καί
799 1579 835 1640 τύ
867 1579 966 1662 παρὸν
999 1573 1152 1664 ἡμέτερον
1187 1579 1317 1656 γεγονὸς

54 1703 188 1785 γράμμα
216 1699 360 1785 ἐπεδόθη
395 1709 458 1772 τοῖς
481 1696 514 1764 ἐν
540 1709 579 1786 τη
603 1700 764 1786 σεβασμίορ
798 1711 878 1788 μονῇ
907 1711 967 1765 τῶν
1000 1698 1136 1786 Λέμβοιν
1161 1711 1316 1786 μοναχοίς

55 1823 98 1896 εἰς
120 1818 800 1911 ἆσριίλτιαν.γιηνίἐτριλλίιρίνδ.
825 1823 864 1888 δ’.

138 1962 362 2050 γΕίρηνη
389 1959 409 2050 ἡ
436 1963 859 2048 πανυπερσεβοίστη
888 1966 918 2042 †.

5 2515 6 2592 Ῑ
136 2537 1312 2629 ΝῌΕττρονγρσίμματηςαύτηςπανυπερσεβιί-

5 2655 6 2662 ¹
57 2664 1103 2754 στηςχιίρινύνπροεγροίψαμενχιοραρίιυνγ.

135 2813 156 2890 †
177 2807 264 2874 Ἐπεί
286 2809 345 2894 πρὸ
369 2811 489 2896 χρόνων
512 2804 575 2894 ἤδη
603 2805 727 2872 πολλῶν
752 2803 931 2870 ἐπιδέδωκα
953 2808 1030 2891 πρὸς
1054 2807 1110 2892 την
1134 2803 1312 2890 σεβασμίαν

57 2934 146 3018 μονὴν
169 2941 225 3018 της
249 2929 425 3017 ύπιροίγνου
449 2951 509 3016 μου
532 2931 733 3016 θεομήτορος
761 2939 816 3016 της
840 2939 899 2993 τῶν
926 2929 1062 3015 Λέρβιον
1086 2932 1251 3016 χῶροίφιον
1274 2931 1310 2992 τύ

57 3055 94 3128 εἰς
116 3059 150 3120 τύ
174 3059 301 3136 γονιιιδν
325 3076 385 3140 μου
410 3053 631 3139 ζευγηλατείον
654 3053 689 3116 τύ
714 3049 759 3126 είς
784 3054 836 3116 τύν
859 3051 1059 3130 Κούιιουλον,
1088 3050 1309 3138 ἐπιλεγόμενον

59 3187 106 3244 τού
128 3178 261 3266 Ἀσοίνη,
286 3173 322 3242 ού
345 3173 365 3264 ἡ
388 3179 527 3264 ποσότης
551 3173 625 3239 ύσεί
653 3172 769 3260 μοδίιυν
791 3171 905 3239 έιιατύν
929 3171 1092 3260 ἑξήκοντα,
1116 3179 1172 3239 καί
1200 3179 1308 3240 ιιατεί-

56 3325 125 3387 χετο
147 3305 233 3388 παρὰ
256 3310 312 3388 τῆς
331 3301 478 3386 τοιαύτης
503 3306 600 3384 μονῆς
624 3294 668 3370 εὶς
684 3299 818 3384 χρόνους
842 3293 901 3361 ούιι
925 3295 1060 3377 δλίγους,
1083 3303 1139 3364 καί
1163 3299 1231 3364 ἐπεὶ
1253 3301 1308 3364 διά

57 3448 82 3489 τι
106 3426 283 3490 σκάνδαλον
312 3421 428 3509 συνέβη
463 3425 518 3484 ιιαί
552 3418 719 3507 ἐκρατήθη
746 3423 832 3506 παρὰ
866 3427 921 3485 τού
956 3418 1127 3508 ἀνθρώπου
1162 3445 1222 3509 μου
1250 3433 1305 3490 τού

57 3549 234 3635 Ἀχεληνού,
259 3549 301 3636 μὴ
327 3545 450 3633 ἔχουσα
473 3539 553 3630 αύτη
577 3544 631 3630 τὴν
647 3552 805 3629 τυχοῦσαν
830 3541 961 3628 εἴδησιν.
979 3541 1032 3609 ὅτε
1056 3555 1131 3627 γοῦν
1156 3547 1307 3634 ἐγνώσθη

58 3695 103 3757 μοι
130 3681 232 3747 τούτο,
266 3667 391 3756 ὡρίσθη
425 3669 519 3734 πάλιν
548 3664 564 3732 δ
589 3662 684 3739 αύτύς
714 3664 880 3752 ἄνθρωπός
910 3690 979 3753 μου,
1008 3673 1065 3734 τιαί
1092 3667 1228 3736 ἀπέδοτο
1252 3676 1308 3737 καί

58 3797 103 3882 την
136 3793 357 3874 ἀναλογοῦσαν
392 3793 507 3878 μορτην
542 3797 596 3855 τού
631 3790 773 3854 τοιούτου
806 3794 970 3879 χυραρίου
1004 3771 1080 3878 πρὸς
1111 3795 1166 3879 τήν
1198 3795 1319 3880 μονὴν·

5 3909 7 3926 ’
60 3918 131 3984 ἀλλὰ
157 3921 196 4007 δὴ
232 3889 350 3983 ιιαίτδ
378 3919 551 4003 χωρύφιον,
586 3914 700 3986 ιιαθιύς
727 3917 782 3978 ιιαί
809 3919 1039 4002 προπατείχετο
1065 3921 1152 4003 παρὰ
1180 3919 1304 4006 ταύτης.

59 4040 168 4131 ἵναμὴ
197 4051 272 4122 γοῦν
300 4043 394 4106 ποίλιν
430 4040 534 4124 συμβῇ
561 4035 581 4124 ἢ
610 4041 695 4122 παρὰ
730 4037 898 4121 ἀνθρώπου
928 4061 987 4122 μου
1010 4037 1030 4127 ἢ
1054 4037 1110 4104 οιαὶ
1139 4039 1171 4116 ἐξ
1198 4039 1306 4126 ἐτέρου

59 4171 141 4243 τινὸς,
181 4167 296 4239 ιιαθιύς
333 4169 388 4229 ιιαί
425 4165 578 4247 πρότερον
620 4160 746 4248 συνέβη,
786 4171 1013 4246 παρεγγυῶμαι
1043 4173 1107 4234 τοῖς
1141 4159 1306 4250 ἡμετέροις

61 4288 224 4376 ἀνθρώποις
257 4293 314 4353 ιιαί
347 4299 410 4360 τοῖς
451 4287 530 4371 μετὰ
565 4286 705 4348 θάνατόν
741 4304 801 4367 μου
836 4281 1093 4358 ἐπεξουσιοίζουαι
1128 4290 1162 4351 τύ
1200 4298 1305 4352 τοιού-

61 4437 103 4478 τον
130 4416 357 4501 ζιυγηλαττῖον,
387 4409 429 4484 ῶς
462 4404 515 4474 ἵνα
551 4405 783 4493 ἀναμνησθῶσι
811 4408 882 4478 τούς
910 4411 1028 4480 ιιύπους
1063 4418 1118 4475 τοῦ
1148 4407 1304 4477 αύθέντου

63 4560 123 4621 μου,
148 4547 201 4604 τού
230 4537 343 4623 ἀνδρός
371 4557 440 4620 μου,
469 4541 524 4598 τού
552 4529 825 4612 πανευσεβιίστου,
857 4529 912 4603 ούς
940 4527 1109 4598 ἐκοπίασεν
1144 4529 1220 4620 ύπέρ
1249 4545 1304 4623 της

63 4658 230 4745 Ῥυρανίας,
260 4659 303 4732 ῶς
333 4655 385 4722 ἵνα
416 4658 551 4742 διαμένη
579 4651 599 4740 ἡ
631 4654 760 4738 τοιαύτη
789 4653 868 4737 μονὴ
901 4649 1114 4742 ἀνενύχλητος
1141 4662 1196 4723 ιιαί
1224 4657 1303 4725 ἀτά-
