3140 5284
269 211 333 286 ⁸00

269 411 325 490 τῆς
356 407 453 487 μονῆς
480 409 541 466 τῦν
570 397 719 486 Λὲμβυν,
749 395 811 464 ὅσα
841 371 1079 484 ἀποδιιχύῦσιν
1109 387 1269 478 ύπὲρπυρα
1297 390 1439 479 δοθῆναι
1473 395 1534 454 τοῖς

267 523 540 610 Γουναροπούλυις
559 525 645 608 παρὰ
669 530 723 588 τοῦ
747 525 902 608 πενθεροῦ
920 517 1017 586 αύτοῦ
1041 518 1090 584 ἐπὶ
1114 531 1152 606 τη
1177 516 1285 604 οἰηοριή
1308 525 1362 603 τής
1388 511 1535 596 τοιαύτης

269 659 337 738 γης.
366 649 538 733 διορίζεται
565 655 638 728 γοῦν
667 649 723 712 καί
746 643 766 734 ή
791 647 940 732 βασιλεία
965 667 1025 732 μου
1048 647 1102 708 διὰ
1126 652 1182 730 τῆς
1208 642 1371 728 παρούσης
1394 640 1534 724 προστά-

267 773 346 860 ξεως
368 768 474 861 αύτής,
499 771 740 862 διαλυτιυθήναι
763 771 817 856 τήν
842 772 989 856 τοιαύτην
1010 765 1163 834 ύπῦθεσιν
1186 769 1271 832 κατὰ
1294 767 1349 852 τήν
1371 771 1535 852 παροῦσαν

268 895 437 974 διάγνωσιν
460 903 517 971 τού
538 897 755 982 περιποθήτου
779 889 980 982 αύταδὲλροο
1009 903 1065 982 τῆς
1093 893 1257 976 βασιλείας
1286 911 1357 978 μου,
1387 895 1444 952 τοῦ
1472 885 1536 954 Κο-

269 1027 390 1110 μνηνοῦ.
407 1027 509 1102 κοροῦ
523 1014 704 1104 Δημητρίου
729 1026 783 1082 τοῦ
804 1016 953 1106 Τορνίκη.
981 1015 1030 1084 ἐπὶ
1046 1017 1146 1102 τούτῳ
1163 1019 1224 1102 γὰρ
1248 1013 1392 1096 ἐγεγόνει
1416 1013 1461 1098 τῷ
1483 1015 1533 1096 μὲ-

267 1165 314 1228 ρει
336 1151 393 1234 τήτ
415 1143 652 1230 διαληφθείαητ
678 1151 776 1230 μυνής
797 1151 856 1204 τῦν
880 1139 1018 1227 Λέμβων
1040 1138 1085 1212 εἰς
1107 1137 1284 1232 ἀσφάλειαν
1307 1141 1364 1203 καί
1388 1133 1406 1204 ὁ
1430 1138 1531 1220 παρύν

266 1276 322 1356 τής
345 1266 512 1358 βασιλείας
537 1287 598 1358 μου
622 1261 752 1354 ύρισμίς
776 1269 805 1345 τ.

287 1502 292 1516 ἱ
353 1420 1530 1510 ήΕἱχοτό·μηνίἰουλίηίνίις’δι’ὲρυῦρῦνηραμ·

267 1551 421 1634 μύτιυν
442 1557 519 1634 τῆς
544 1548 801 1634 βασιλικῆς
824 1551 904 1612 καί
926 1549 1064 1620 θείας
1086 1547 1249 1632 χειρός
1272 1548 1302 1625 †.

354 1709 374 1785 †
403 1703 515 1790 Εἶχε
549 1705 596 1769 δὲ
625 1709 703 1770 καὶ
731 1709 928 1792 κηρίνην
957 1705 1161 1798 βοῦλλαν
1191 1703 1529 1790 ἀπηωρημίνην

267 1831 344 1893 διὰ
372 1837 449 1894 τοῦ
478 1831 737 1913 βασιλικοῦ
765 1829 1002 1894 δακτύλου
1029 1833 1109 1893 καί
1137 1832 1192 1892 τὸ·
1221 1828 1297 1892 διὰ
1325 1836 1404 1892 τοῦ
1430 1821 1530 1908 Τορ-

264 1959 371 2040 νίκη
394 1952 666 2048 Δημητρίου
690 1949 745 2027 ύς
769 1951 882 2026 ἔθος
905 1965 1002 2027 τοῖς
1027 1955 1318 2038 μισύίυυσιν
1341 1957 1371 2033 †.

492 2249 596 2330 CXVI,
612 2255 841 2334 (ms-1250,
859 2273 965 2328 πιοιιιο
981 2265 1126 2342 anguem,
1142 2250 1206 2320 ind.
1225 2249 1307 2324 V111.

494 2399 564 2467 ύῑίἰί
579 2399 764 2474 ammuh·
778 2403 950 2464 ιοοοοιιαιῦο
962 2401 1154 2482 pamma
1168 2399 1301 2462 νεανίαιν.

354 2567 460 2649 W
493 2572 755 2659 πραοήριον
791 2581 871 2635 τῶν
897 2571 1073 2635 παίύιον
1108 2580 1185 2634 τοῦ
1212 2566 1527 2654 Γουναρυπυύ-

265 2692 356 2770 λου,
381 2691 1065 2779 Γευργίυυάναννύστου,καί
1092 2693 1526 2778 τῦνλοιπῦινχάριν

263 2813 1061 2906 τῶνχαυραιρίονιοῦύημυσίυυή.

351 2955 510 3046 Γεύρηιος
534 2957 739 3044 ἀναγνώσιης
762 2957 867 3043 οἰκεία
890 2961 973 3045 χειρί
995 2961 1132 3044 προύιαξ
1156 3008 1163 3022 .

354 3099 459 3178 Σίηνα·
489 3097 588 3166 Ξίνου
616 3107 671 3163 τοῦ
690 3099 895 3186 Αἰμιλιανοῦ,
920 3099 1067 3188 Εἰρήνης,
1092 3109 1147 3190 τής
1172 3101 1305 3187 συμβίου
1329 3096 1444 3180 αὐτοῦ,
1467 3094 1524 3162 Μι-

264 3223 363 3312 χαήλ,
385 3232 440 3287 τοῦ
461 3219 529 3287 οἱοῦ
547 3219 654 3302 αύτού,
678 3222 853 3302 Νικολάου,
871 3233 925 3289 τοῦ
950 3221 1057 3312 ἑτέρου
1081 3223 1148 3289 υἱοῦ
1166 3222 1279 3303 αύτοῦ,
1303 3223 1460 3319 Ἰωάννου,Ι
1475 3225 1524 3286 τοῦ

266 3345 406 3433 ἀδελφοῦ
431 3342 538 3412 αύτοῦ.

354 3486 448 3573 's’liv¹
473 3485 604 3574 ύνύματι
633 3509 663 3553 κ.
688 3513 715 3555 τ.
740 3488 764 3554 ἑ.
789 3485 880 3576 ἡμεῖς
904 3488 934 3554 οἰ
957 3488 1106 3556 ἄνωθεν.
1125 3539 1132 3556 .
1151 3541 1159 3555 .
1177 3541 1185 3555 .
1203 3541 1210 3556 .
1289 3487 1342 3556 ὅτε
1370 3489 1395 3562 Γ
1398 3495 1522 3583 εοίρηιος

268 3605 474 3708 ἀνατνύσιης
498 3615 554 3683 καί
577 3607 726 3702 ήτούτου
751 3614 881 3698 σύμβιος
906 3614 1067 3702 Θεορανὼ,
1091 3611 1273 3702 Ἰοαννηςύ
1298 3619 1430 3701 γνήσιος
1451 3609 1521 3681 αύτ-

265 3733 404 3822 υἰδελρος
435 3731 533 3808 αἰτοῦ
561 3739 618 3810 καί
644 3732 664 3822 ή
694 3738 806 3804 τούτου
832 3738 965 3823 σύμβιος
987 3735 1097 3824 Μαρία
1124 3743 1180 3806 καί
1208 3737 1315 3820 Ξὲνος,
1347 3736 1363 3807 ύ
1389 3739 1524 3826 γαμβρὸς

266 3852 378 3936 αὐτῶν,
403 3855 634 3944 ύΑἰμιλιοινύς,
658 3864 714 3926 καί
736 3856 758 3948 ή
779 3861 889 3930 τούτου
913 3862 1043 3947 σύμβιος
1059 3860 1180 3950 Εἰρήνη
1201 3868 1258 3932 καί
1281 3861 1313 3932 οἱ
1336 3863 1446 3938 παῖδες
1469 3855 1522 3924 αύ-

265 3988 331 4060 τοῦ,
356 3977 373 4046 ύ
397 4004 431 4045 τε
453 3980 617 4058 Νικόλαος
640 3986 697 4049 καὶ
719 3981 871 4076 Μιχαὴλ,
893 3985 947 4071 τήν
968 3995 1211 4070 παροῦσαν...
1236 3997 1351 4073 πρᾶσιν
1368 4037 1376 4053 .
1454 4007 1518 4053 ποι·

266 4114 363 4191 οῦμεν
380 4155 387 4170 .
406 4155 439 4170 ..
468 4107 549 4195 πρύς
582 4111 629 4185 σὲ,
657 4108 710 4172 τὸν
738 4107 979 4176 πανοσιύτατον.
1011 4109 1259 4196 καθηγούμενον
1287 4115 1344 4179 καί
1372 4106 1520 4202 αύθίντην

265 4223 373 4318 ἡμῶν,
398 4227 608 4322 ἰερομύναχον
632 4239 719 4316 κῦριν
744 4229 953 4308 Ἀύανσίσιοκ
983 4235 1039 4296 καί
1065 4235 1119 4296 τὸν
1148 4231 1326 4322 οἰκονόμον,
1350 4245 1437 4322 κῦριν
1456 4232 1521 4300 Μά-

267 4352 368 4438 ξιμον,
391 4357 447 4418 καί
469 4356 545 4438 πρύτ
568 4357 690 4426 πάντας
713 4353 784 4426 τούς
810 4356 981 4440 μοναχούς.
1006 4359 1138 4442 καὶγὰρ
1163 4359 1202 4422 τὰ
1226 4362 1340 4437 γυνικὰ
1363 4355 1452 4454 ἡμῶν
1468 4355 1524 4447 ἀμ

265 4476 360 4539 πὲλια
388 4479 427 4540 τὰ
455 4481 511 4542 καί
540 4478 781 4564 κληρονορικῦς
816 4473 889 4564 ήμῐν
918 4479 1111 4568 διαφέροντα
1139 4484 1197 4548 καί
1225 4481 1258 4547 ὲν
1287 4494 1326 4570 τῇ
1355 4483 1520 4561 τοποθεσία

267 4608 322 4662 τοῦ
346 4597 509 4688 Δημοσίυυ
533 4601 731 4684 διακείμενα,
757 4609 811 4664 τοῦ
836 4605 893 4694 μὲν
916 4599 1076 4689 Γεωρηίου
1099 4611 1251 4670 πινακίων
1276 4603 1354 4672 ἑπτὰ
1383 4606 1429 4680 εἰς
1453 4606 1520 4688 πρύ-
