3168 5274
283 256 347 318 350

285 447 396 534 ἀγαπά
422 451 483 533 γὰρ
512 451 567 512 καί
596 445 626 510 ίν
650 457 737 519 ναοῖς
771 458 933 512 κατοικεῖν
957 455 1022 520 τοῖς
1055 441 1220 532 ήμειίροις
1245 445 1351 532 ἔργοις
1388 445 1551 512 ἀναπαυό-

283 595 387 658 μενος.
414 573 507 636 ἔνθεν
532 594 579 636 τοι
599 575 685 635 κατὰ
709 573 762 636 τόν
785 571 980 638 δανιδιτικύν
996 572 1104 650 λόγιον
1129 568 1146 636 6
1169 573 1353 638 κατεσθίων
1378 570 1475 657 ζῆλος
1499 579 1553 634 τού

283 696 373 760 οἴκου
401 703 456 762 τού
486 698 566 759 θεοῦ
595 697 713 782 φθάνει
740 698 797 760 καί
822 697 902 780 πρός
925 698 979 760 τόν
1008 699 1253 782 μακαριώτατον
1280 697 1338 759 καί
1360 699 1552 774 αανιυγτνί-

284 841 398 886 στατον
424 818 608 905 Κομνηνύν,
637 821 851 905 περιπόθητον
874 820 965 884 θεῖον
990 829 1046 907 της
1074 820 1240 902 βασιλείας
1268 841 1342 905 μου,
1371 826 1433 904 κύρ
1461 816 1553 882 Κοιν-

283 955 443 1010 σταντῐνον
467 945 520 1006 τύν
544 941 766 1028 Μαλιασηνύν,
791 946 848 1006 καί
869 945 945 1008 ναὸν
974 939 1011 1006 ἐκ
1041 945 1170 1029 βάθρων
1194 941 1351 1029 ἀνεγείρει
1373 945 1431 1008 καί
1456 962 1551 1026 μονα-

234 1115 238 1128 .
283 1079 364 1133 οτών
393 1065 513 1152 ἀγέλην
541 1077 580 1152 τη
606 1067 729 1152 μάνδρορ
751 1067 850 1152 ταύιη
874 1078 914 1153 τη
941 1079 1104 1154 περιφανεῖ
1137 1069 1344 1152 συναθροίζει
1369 1069 1429 1132 καί
1456 1061 1550 1150 ύτερ-

283 1194 469 1277 εντυγχοίνει
502 1189 570 1276 θεῷ
596 1200 652 1277 τῆς
681 1189 803 1256 ἐκείνου
827 1195 985 1277 σωτηρίας
1011 1193 1171 1277 ταννύχια
1197 1197 1392 1278 πανημίρια,
1418 1188 1476 1256 ἵνα
1498 1194 1552 1254 καί

282 1317 361 1388 θεὸς
390 1314 611 1401 μεγαλύνοιτο,
644 1323 813 1401 μενοῦνγε
842 1319 898 1381 καί
922 1311 984 1402 ούχ
1006 1312 1129 1402 ἥμαρτε
1154 1323 1209 1382 τυύ
1233 1319 1318 1382 κατὰ
1342 1317 1476 1394 σκοπὸν,
1498 1324 1551 1380 τού

282 1445 392 1526 κυρίου
416 1448 639 1524 συνεργοῦντες
664 1440 785 1525 μᾶλλον
810 1449 865 1505 τού
889 1451 953 1512 τοῖς
974 1436 1113 1520 ἀγαθοίς
1138 1439 1243 1525 ἔργοις
1267 1437 1397 1526 ἀγαθήν
1421 1436 1552 1525 δρίγον-

195 1651 197 1656 Ι
282 1585 336 1636 τος
352 1564 408 1650 τήν
429 1563 598 1628 τελείωσιν.
624 1561 788 1650 εἴργασται
811 1565 846 1628 τύ
870 1565 1073 1648 καταθύμιυν
1090 1561 1132 1652 τῷ
1155 1560 1246 1648 ἀνδρί
1268 1566 1326 1630 καί
1350 1562 1450 1649 μονήν
1477 1585 1549 1628 συν-

283 1689 441 1774 εστήσατο
470 1684 502 1750 ἐν
526 1685 569 1772 τῷ
592 1696 648 1773 τῆς
676 1686 902 1773 Δημητριάδυς
936 1688 1069 1772 θίματι,
1098 1686 1304 1773 διακειμένην
1332 1689 1389 1774 μὲν
1416 1689 1490 1772 περὶ
1517 1687 1550 1750 τύ

283 1808 356 1896 όρυς
379 1819 434 1874 τού
457 1810 617 1894 Δρόγγυυ,
642 1815 819 1896 τιμωμένην
843 1811 878 1874 δὲ
907 1806 953 1876 ἐπ’
983 1808 1116 1896 δνόματι
1144 1806 1469 1898 τῆςπανυπερυίγνυυ
1492 1832 1550 1896 μου

282 1937 483 2020 θεομήτορος
503 1937 559 1998 καί
580 1932 806 2020 ἐπιλεγομένην
830 1943 885 2020 τῆς
900 1933 1151 2022 Μακρινιτίσσης
1170 1937 1227 1998 καί
1249 1932 1374 2010 Ὀζείας
1397 1931 1549 1999 Ἐπισκύ-

282 2063 375 2146 ψεως,
403 2057 452 2124 ἐπὶ
481 2062 704 2143 σταυροπηγίιρ
727 2056 948 2144 πατριαρχικῷ
970 2059 1085 2144 ταύτην
1111 2059 1308 2146 καθιδρύσας
1331 2060 1388 2122 καί
1412 2051 1475 2122 ύττό
1500 2059 1552 2144 τήν

282 2182 432 2269 μεγίστην
461 2191 521 2244 τών
550 2178 729 2268 ἐκκλησιῶν
757 2185 911 2268 τεταχώς.
938 2180 1005 2246 ἐπεὶ
1031 2178 1085 2248 οὖν
1109 2178 1230 2254 ἐκεῖνος
1259 2179 1275 2246 6
1305 2185 1552 2268 μακαριώτατος

281 2309 370 2378 θείας
394 2313 449 2391 τῆς
474 2305 638 2388 βασιλείας
662 2327 733 2391 μου,
758 2301 774 2369 6
798 2309 1086 2384 πανευγενίστατος
1106 2304 1274 2393 Κομνηνύς
1296 2313 1356 2390 κύρ
1378 2303 1551 2370 Κώνσταν-

282 2441 362 2502 τῖνος
390 2426 407 2492 6
436 2427 657 2516 Μαλιασηνύς,
694 2431 746 2493 τόν
780 2431 860 2493 καθ’
892 2425 977 2516 ἡμᾶς
1003 2429 1189 2516 μετήλλαξε
1213 2427 1279 2513 βίον
1314 2426 1370 2493 καὶ
1391 2431 1473 2515 πρδς
1497 2431 1552 2500 τάς

281 2550 406 2616 ἐκεῖθεν
443 2557 576 2639 μετίστη
602 2556 731 2639 σκηνὰς,
768 2563 990 2638 σεμνυπρεπώς
1024 2550 1245 2640 ὲνσοριασθεὶς
1283 2549 1315 2615 ἐν
1343 2563 1381 2638 τη
1416 2553 1551 2636 τοιαύτη

282 2687 375 2762 μονή,
404 2673 420 2740 6
450 2673 571 2740 ἐκείνου
601 2675 676 2753 υἱός,
706 2673 722 2741 6
745 2681 1034 2756 πανευγενίστατος
1057 2673 1225 2764 Κομνηνύς
1247 2679 1304 2740 καί
1332 2677 1550 2762 περιπόθητος

282 2799 455 2887 ἐξάδελφος
490 2809 545 2886 τῆς
581 2801 746 2881 βασιλείας
782 2821 851 2886 μου,
886 2808 945 2885 κύρ
978 2797 1143 2876 Νικόλαος
1177 2797 1194 2866 6
1229 2798 1449 2886 Μαλιασηνδς,
1487 2799 1551 2871 υἱός

280 2919 420 3011 ύπήκυος
455 2927 624 3009 γενόμενος
657 2927 760 3009 πατρί,
797 2925 883 3010 ζήλῳ
918 2928 975 2988 καί
1009 2919 1102 2997 ούτος
1140 2922 1220 3008 θείῳ
1259 2921 1481 3010 ἐπικαμφθείς
1516 2919 1550 2986 ού

280 3049 398 3112 διίλιπε
429 3049 573 3112 σπεύδειν
608 3045 838 3133 δλοπροθύμως
867 3051 907 3111 τὰ
938 3046 983 3120 είς
1011 3045 1176 3112 ἀνάκτισιν
1210 3050 1266 3111 καὶ
1295 3043 1468 3132 ἐπαύξησιν
1496 3055 1551 3132 τῆς

159 3211 160 3214 =
281 3168 428 3257 τοιαύτης
462 3181 695 3257 πατριαρχικῆς
730 3179 859 3257 γυνικής
894 3165 991 3234 αύτού
1020 3180 1128 3257 μονής,
1164 3166 1223 3236 υύκ
1250 3168 1344 3258 ἤρκει
1376 3170 1413 3232 δὲ
1449 3173 1549 3254 τούτῳ

281 3299 376 3380 μόνον
404 3297 481 3380 πρός
509 3293 634 3360 ἅπαντα
656 3298 696 3358 τὰ
718 3297 936 3380 πατριαρχικά
958 3300 1032 3379 παρ’
1061 3291 1159 3360 αύτού
1187 3291 1361 3381 δειχθέντα
1388 3303 1427 3380 τη
1458 3295 1550 3377 βασι-

280 3419 352 3501 λεία
381 3439 441 3504 μου
470 3414 694 3505 ύπυμνήματα,
731 3415 815 3482 ἀλλὰ
838 3421 894 3482 καί
917 3413 1072 3504 ἡμιτόμου
1100 3417 1223 3504 ἐδεήθη
1248 3425 1482 3500 συνασπισμοῦ,
1508 3415 1549 3490 ώς

277 3539 419 3626 Νεεμίας
444 3551 499 3606 τυύ
518 3541 709 3627 Ζοροβάβελ,
734 3545 807 3626 παρ’
830 3538 871 3606 ών
893 3537 914 3627 ἡ
939 3550 993 3606 τού
1017 3540 1255 3627 Σολσμωντείου
1279 3550 1356 3606 ναού
1381 3538 1548 3626 ἀνίγερσις

279 3661 374 3738 αύθις
410 3662 689 3752 ἐπανιμκοδόμητο.
727 3664 769 3750 τῷ
803 3685 852 3730 τοι
879 3669 936 3729 καί
970 3662 1013 3738 ώς
1041 3662 1178 3751 ἀργυρᾶν
1207 3669 1351 3752 κορώνην
1378 3669 1469 3730 κατὰ
1492 3667 1547 3752 τήν

277 3793 404 3874 ποίησιν
433 3791 486 3853 τόν
514 3792 655 3874 παρόντα
684 3785 951 3874 ἀργυροβυύλλιυν
975 3789 1071 3867 λόγον
1099 3797 1156 3874 τῆς
1183 3789 1347 3872 βασιλείας
1376 3812 1437 3876 μου
1468 3791 1546 3854 ἐπο-

280 3921 422 4002 ρίγυμεν·
448 3911 539 3988 ούτος
565 3919 620 3999 μίν
645 3917 705 3999 γὰρ
729 3912 746 3979 6
768 3915 982 3999 περιπόθητος
1006 3913 1180 3998 ίζάδελφος
1203 3923 1258 4000 τῆς
1282 3915 1450 3997 βασιλείας
1475 3935 1545 3998 μου,

278 4035 296 4104 6
319 4044 606 4119 πανευγενίστατυς
622 4037 790 4124 Κομνηνύς
814 4046 872 4122 κύρ
895 4036 1059 4110 Νικόλαος
1083 4033 1100 4100 6
1123 4035 1340 4123 Μαλιασηνύς,
1366 4033 1401 4100 ss»
1425 4037 1546 4123 ἔχοντα

214 4197 219 4212 ·
278 4167 493 4249 συνεστήσατο
520 4164 709 4247 πράγματα,
744 4158 834 4249 ἡμεῖς
858 4163 892 4224 δὲ
917 4161 1039 4234 τούτοις
1062 4161 1237 4246 καλλίστην
1271 4165 1459 4246 παρέχομεν
1490 4163 1545 4246 τήν

278 4284 438 4350 τελείωσιν
465 4290 521 4352 καί
545 4289 579 4352 τύ
608 4283 752 4373 ἀσφαλὲς
780 4289 835 4348 καί
863 4282 1045 4369 ἀκύμαντον
1072 4286 1339 4370 αεριπυιούμεθα,
1376 4285 1471 4349 ἔνθεν
1498 4307 1545 4348 τοι

276 4416 334 4478 καί
360 4411 585 4497 διοριζόμεθα,
619 4407 672 4474 ἵνα
706 4412 791 4472 κατὰ
826 4412 882 4481 τὰς
903 4409 1086 4494 περιλήψεις
1114 4419 1175 4472 τών
1202 4418 1439 4494 πατριαρχικών
1464 4405 1543 4472 ύπο-

278 4538 460 4623 μνημάτων,
495 4539 545 4598 ναί
574 4533 635 4619 μήν
660 4537 716 4598 καί
744 4543 799 4598 τοῦ
823 4533 1063 4619 χρυσυβσύλλυυ
1091 4541 1146 4596 τού
1176 4531 1267 4612 ἁγίου
1296 4553 1356 4618 μου
1377 4527 1543 4597 ἀύθὲντου

277 4661 333 4722 καί
359 4661 477 4742 πατρός
505 4666 559 4722 τού
588 4658 742 4720 δεσπότου
765 4665 820 4720 τού
845 4659 1014 4734 γεγονότος
1040 4658 1119 4740 πρύς
1144 4659 1195 4721 τόν
1218 4659 1462 4742 μακαριώτατον
1486 4661 1543 4722 καί
