3228 5296
263 275 305 336 2⁰

261 478 317 533 τοῦ
344 467 567 554 Καίοοριῦνος
596 470 711 555 δίνδρα
735 468 850 535 ίλαῑιιὸι
873 471 1001 537 δείδεαα
1024 477 1081 538 καί
1105 471 1233 538 ἀπιδίαι
1252 477 1414 559 τίσσαρες,
1439 472 1529 540 ἅτινα

260 596 317 658 ναί
344 595 572 679 προσηρμοσαν
601 605 640 680 τη
669 605 751 681 μονη
776 591 947 661 ὸινίιιαθεν.
977 594 1009 660 ὸν
1033 607 1072 684 τη
1095 599 1274 682 τοποθεσίτρ
1298 607 1353 663 τοῦ
1378 597 1530 672 Φοίνικος
1552 571 1564 598 ’

261 717 378 804 δίνδρα
402 715 518 782 ίλαῐνιὸι
540 719 834 804 πεντηκονταοατὸ,
857 719 1070 806 περιελθόντα
1092 723 1191 807 ταύτη
1214 719 1246 797 ke
1269 718 1447 807 ἀγορασίαις
1469 719 1529 788 ἀπὸ

227 896 231 905 ,
260 850 316 907 τοῦ
344 839 496 925 Κανιαβα.
527 841 597 928 ἔχει
624 837 644 929 η
675 843 754 928 μονὴ
785 846 933 929 μετὸχιον
962 841 1024 909 ἀπὸ
1053 845 1174 929 δαρεας
1202 853 1258 932 τῆς
1283 845 1446 930 βασιλείας
1470 865 1529 932 μσο

262 967 465 1052 διακείμενον
487 965 624 1051 πλησίον
647 974 702 1030 τοῦ
726 969 867 1052 ιιιίστροο
890 977 945 1055 της
969 965 1112 1055 Σμύρνης
1136 967 1183 1033 ὸπ’
1203 967 1335 1055 ίνὸματι
1358 979 1413 1035 τοῦ
1438 967 1529 1050 ἁχίοο

260 1090 431 1178 Γεωρηίοο,
459 1087 592 1156 δπισθεν
621 1099 677 1177 της
705 1089 883 1178 ἐκκλησίας
911 1101 966 1156 τοῦ
995 1093 1137 1158 τοιούτοιν
1169 1098 1321 1180 μετοχίοο
1350 1093 1530 1179 περιβόλων

258 1215 531 1302 ὶδιοπεριύρισιον,
550 1213 626 1300 ἔχον
643 1219 838 1300 σοντοιμινίας
854 1220 910 1280 ναί
925 1214 1020 1302 ίπερα
1035 1217 1151 1302 δίνδρα
1168 1215 1358 1306 δπιορορύρα
1380 1217 1529 1304 διοίρορα,

260 1339 446 1426 ὸμπροσθεν
474 1346 531 1424 της
558 1335 656 1424 αύτης
681 1337 858 1426 ίααλησίας
887 1339 1051 1425 ἀμπίλιον.
1087 1341 1211 1406 ἔσωθεν
1239 1351 1295 1408 τοῦ
1323 1347 1461 1428 τείχους·
1477 1349 1530 1406 τοῦ

259 1461 532 1548 Παλαιοιιοίστροιι
553 1470 608 1548 της
629 1460 774 1549 Σμύρνης
797 1467 972 1552 χωρὸφιον,
997 1465 1168 1549 περιελθὸν
1185 1477 1224 1552 πη
1249 1472 1330 1552 μονῇ
1353 1463 1389 1530 ίιι
1412 1486 1529 1552 προσε-

258 1589 371 1662 vtem<
405 1595 461 1672 της
497 1596 643 1673 μονσχης
677 1583 880 1667 Ἀγγελίνας,
914 1591 1150 1672 παραασίτωθεν
1185 1598 1240 1654 τοῦ
1275 1593 1440 1677 χωραρίοιν
1474 1599 1528 1654 τοῦ

257 1707 473 1797 Τίοαανδάλη
501 1707 608 1796 δεερον
637 1714 800 1798 χωροίριον
823 1711 993 1796 περιελθὸν
1017 1713 1116 1798 ταύτη
1145 1709 1178 1787 le
1201 1711 1387 1798 ἀγορασίαις.
1417 1708 1529 1798 ἔχειὴ

256 1835 389 1922 τοιαύτη
415 1834 495 1921 μονη
520 1831 582 1901 ἀπὸ
606 1833 728 1920 δωρεᾶς
756 1841 813 1920 της
841 1834 1007 1918 βασιλείας
1037 1855 1097 1921 μοο
1125 1837 1181 1922 την
1208 1839 1294 1900 ιιατὸι
1322 1839 1375 1902 τὸν
1402 1838 1530 1922 ιιύμπον

257 1968 313 2024 τοῦ
336 1955 590 2045 Μεμανιιομίνοο
614 1967 671 2044 ηην
688 1959 743 2044 την
768 1952 826 2022 ύπὸ
850 1960 885 2022 τὸ
911 1958 1134 2045 ίεοηηλατεῖον
1156 1969 1216 2024 τῶν
1232 1958 1403 2026 Παλατίοιν
1423 1964 1529 2046 πρύην

257 2083 427 2162 τελοῦσαν,
457 2078 497 2170 ἧς
531 2084 570 2146 τὰ
598 2093 716 2168 σημεῖα
750 2075 852 2168 ῥητιῦς
881 2082 1054 2168 δηλοῦνται
1082 2080 1115 2146 ὸν
1142 2082 1186 2168 τερ
1212 2086 1361 2170 προσὸντι
1384 2094 1423 2170 τῇ
1448 2095 1529 2170 μονη

256 2210 405 2293 περιύριρ.
435 2203 467 2270 ὸν
502 2203 546 2292 τῷ
573 2202 661 2290 αδτιηῖ
687 2208 805 2290 ειάμπιρ
828 2212 884 2270 τοῦ
910 2201 1162 2292 Μεμανιιομίνοο
1190 2211 1247 2271 νιαί
1273 2209 1462 2293 προάστειον
1493 2209 1528 2270 τὸ

257 2329 484 2416 ὸπιλεηὸμενον
511 2338 567 2394 τοῦ
591 2326 723 2416 Ἀσσίνη.
751 2329 887 2415 πλησίον
910 2332 967 2394 τισί
991 2331 1135 2415 ηύριοθεν
1158 2340 1219 2394 τῶν
1242 2329 1411 2396 Παλαείιον
1433 2327 1528 2416 ύιερα

256 2463 440 2544 χωραριαία
469 2457 563 2518 τύπια
590 2447 710 2538 διεργσ
736 2455 794 2517 καί
820 2452 994 2538 νομαδιαία
1033 2449 1092 2518 ύαό
1119 2456 1160 2518 τὰ
1187 2453 1299 2518 δίκαια
1326 2465 1387 2518 τῶν
1410 2451 1527 2520 Παλα·

257 2584 331 2647 τίαν
354 2583 411 2644 ιιαί
434 2577 578 2662 λιβὸδιον
602 2582 637 2642 τὸ
662 2573 886 2662 ὸπιλεηύμενον
910 2586 971 2641 τῦν
994 2573 1172 2661 Ἀββάδονν.
1198 2577 1269 2664 ἔχει
1291 2573 1311 2665 ἡ
1337 2578 1417 2664 μονη
1441 2574 1529 2649 ἐντὸς

257 2711 313 2790 τῆς
336 2711 397 2766 τῶν
420 2700 590 2768 Παλατίοεν
613 2709 768 2786 περιοχης
795 2704 852 2764 ιιαί
873 2701 1053 2786 περιβύλιον
1076 2701 1247 2786 περιελθὸν
1271 2697 1352 2788 αῦτη
1377 2698 1439 2766 ἀπὸ
1464 2701 1529 2766 δω-

257 2835 332 2912 ρεᾶς
362 2835 418 2913 τῆς
447 2826 613 2910 βασιλείας
641 2845 712 2911 μοο.
742 2828 859 2910 χωρίον
886 2819 907 2911 ἡ
930 2823 1021 2911 Βὸρη
1044 2821 1116 2911 ἤτοι
1144 2829 1183 2890 τὸι
1206 2823 1303 2910 Μηλα
1327 2825 1384 2890 σὸν
1406 2836 1471 2899 τοῖς
1496 2826 1529 2890 ὸν

258 2945 342 3036 αύτῷ
371 2951 656 3036 προσκαθημένοις
683 2953 851 3033 παροίαοις
878 2952 935 3012 τισί
961 2947 1004 3034 τῴ
1029 2949 1174 3034 δημοσίῳ
1204 2946 1448 3028 ἀνεπιγνύνστοις
1472 2952 1528 3012 ασί

257 3083 320 3149 τοῖς
349 3073 385 3140 ίν
406 3084 445 3162 τη
469 3071 595 3159 Σμύρνη
618 3074 901 3158 προσασθημίνοις
928 3076 1019 3136 παισί
1042 3081 1098 3158 της
1121 3071 1252 3159 Μηλοῦς
1276 3073 1331 3137 διὸι
1355 3069 1527 3161 ὑπηρεσίαν

257 3202 313 3263 τισί
336 3207 451 3284 χρῆσιν
471 3207 531 3262 τιῦν
552 3205 712 3283 μοναχιδν,
737 3191 813 3279 ὅπερ
830 3191 981 3282 ἐδωρήθη
1006 3207 1045 3282 τῇ
1062 3207 1143 3282 μονῇ
1167 3196 1208 3261 δι’
1230 3193 1363 3282 ὁρισμοῦ
1386 3205 1442 3283 τῆς
1466 3199 1527 3280 βα-

258 3321 378 3393 σιλείας
403 3342 474 3406 μου.
505 3320 538 3385 ὸν
567 3321 610 3405 τῷ
638 3313 727 3404 αύτηῖΙ
745 3321 852 3405 χοιρίιμ
881 3319 937 3384 δύο
967 3316 1190 3406 ὸξηλειμμίναι
1218 3323 1347 3394 στάσεις
1374 3319 1446 3408 ἤτοι
1472 3330 1527 3385 τοῦ

258 3443 383 3512 Σπανοῦ
408 3447 464 3509 καί
487 3451 542 3506 τοῦ
564 3441 751 3529 Μηνοινὸρε,
777 3440 861 3507 ὸλλὸι
884 3441 926 3528 δη
948 3446 1005 3506 ταί
1027 3445 1178 3530 χωρύφια
1202 3441 1264 3508 ἀπὸ
1287 3453 1348 3510 τῶν
1371 3443 1529 3529 Γοοναρο·

256 3568 390 3634 πούλσνν.
421 3565 453 3632 ἐν
477 3579 516 3655 τη
540 3578 582 3654 γη
606 3577 666 3631 τῶν
694 3565 865 3632 Παλατίοιν
886 3567 1120 3654 παρεδόθησαν
1148 3579 1188 3654 τη
1212 3579 1294 3655 μονῇ
1317 3569 1371 3634 διὸι
1393 3589 1528 3656 πρακτι-

257 3701 317 3758 ιιοῦ
340 3701 396 3758 τοῦ
421 3687 577 3779 ῥηθέντος
604 3699 702 3777 πυροῦ
725 3688 859 3777 Μιχαὴλ
887 3699 942 3755 τοῦ
966 3687 1071 3756 <bonta
1094 3695 1150 3755 τιαί
1175 3693 1257 3766 ίίνοι
1281 3691 1325 3766 είς
1347 3695 1528 3780 συγκρότη-

257 3837 306 3882 σιν
334 3827 394 3882 τιῦν
421 3815 571 3881 δοολειῦν
599 3825 661 3880 τῶν
688 3825 847 3902 μοναχὸν.
873 3813 960 3888 ἐντὸς
988 3823 1044 3880 τοῦ
1067 3817 1211 3881 τοιούτοο
1234 3815 1352 3903 χωρίον
1377 3819 1527 3904 μετὸχιον

253 3939 273 4006 ’ὸ
309 3937 402 4020 ἄχεος
426 3938 453 4008 Γ
455 3943 602 4026 ειύργιος,
638 3937 671 4029 ὸν
700 3937 724 4026 ᾧ
753 3942 810 4004 ααί
842 3939 967 4004 αελλία.
996 3941 1149 4020 σύνεηηιις
1177 3943 1234 4006 ναί
1261 3941 1395 4028 πλησίον
1414 3943 1527 4006 τούτοιν

255 4066 481 4154 αατεροιεύθη
508 4068 596 4151 παρὸ
623 4075 686 4130 τῶν
713 4073 863 4150 μοναχὸν
889 4067 947 4128 τισί
980 4060 1145 4150 ἀμπίλιον.
1175 4062 1209 4130 ὸν
1236 4075 1277 4152 τῇ
1304 4075 1444 4152 περιοχῇ
1471 4073 1526 4128 τοῦ

257 4185 353 4255 σύτοῦ
376 4193 495 4276 χωρίου
518 4199 577 4254 τῦν
601 4185 723 4274 Μήλιον
744 4189 801 4251 ναί
824 4183 997 4273 ὸααλησίαι
1020 4186 1091 4265 δύο,
1115 4183 1137 4274 ἡ
1160 4191 1218 4274 μὸν
1241 4191 1300 4273 μία
1322 4188 1457 4276 δρομιιιη
1481 4188 1526 4261 εὶς

257 4311 360 4399 ὄνομα
386 4323 442 4400 τῆς
473 4309 567 4393 ἁγίας
601 4309 746 4399 Μαρίνης
769 4307 935 4398 ίδρύμίνη,
964 4306 1045 4400 ἡδί
1074 4308 1167 4398 ίτίρα
1189 4309 1207 4376 δ
1232 4309 1324 4392 ἅγιος
1350 4311 1525 4398 Θεόδωρος.

258 4434 353 4521 ίαίρα
379 4435 540 4522 ίιιιιλησία
562 4437 794 4524 κεχαλασμίνη
818 4429 836 4500 δ
860 4431 952 4516 ἅγιος
980 4431 1138 4523 Ίινιίννης,
1162 4431 1202 4524 ἧς
1223 4436 1359 4522 πλησίον
1384 4434 1450 4502 ύστί
1473 4439 1529 4502 ααί

259 4567 371 4648 σχῆμα
394 4571 578 4646 χειμερινοῦ
601 4559 814 4646 μολοστασίοο
837 4561 893 4622 καί
915 4561 1060 4646 ποταμὸς
1082 4555 1101 4624 δ
1123 4563 1361 4647 αατερχὸμτνσς
1386 4557 1449 4628 ἀπὸ
1472 4567 1527 4624 τοῦ

258 4687 377 4773 χορίον
406 4693 466 4748 νῦν
488 4681 607 4769 Μήλαν
630 4679 647 4746 δ
671 4680 895 4766 ίειλεηύμενος
918 4679 1133 4769 Δημοσιιίτης,
1159 4683 1193 4748 ὸν
1218 4681 1244 4772 ηύ
1265 4688 1322 4750 ααί
1345 4683 1455 4771 είσμοη
1479 4689 1528 4763 μ.
