3190 5284
263 255 304 318 94

264 451 384 514 κοίλου
408 454 488 535 μετὰ
508 454 564 516 καί
587 460 644 536 τῆς
665 448 921 538 ὑποσκιαζούσης
946 448 1049 516 αὐτῶν
1075 463 1143 539 γης,
1168 450 1204 518 οὐ
1230 454 1290 538 μὴν
1314 454 1349 516 δὲ
1374 462 1429 518 τοῦ
1452 474 1543 536 παρ-

265 573 356 638 οίκου
392 585 447 660 τῆς
488 585 584 661 μονῆς
624 585 682 639 τῶν
716 575 866 662 Λέμβων,
904 575 988 642 ἀλλὰ
1023 587 1077 642 τοῦ
1112 575 1219 662 ἑτέρου
1260 574 1398 661 ἀδελφοῦ
1438 573 1544 642 αὐτοῦ

266 698 426 775 Ἰωάννου,
463 704 501 766 τὰ
530 701 566 764 δὲ
594 701 722 785 δίνδρα,
752 697 831 786 άπερ
860 700 932 786 ἔχει
958 699 1083 794 ἡμονη
1108 709 1166 764 των
1190 701 1337 786 Λίμβων,
1366 700 1443 765 είσίν
1472 701 1543 766 ἀπὸ

267 820 498 908 ἐξαλείμματος
519 823 679 910 Γεωργίοο
703 833 757 888 τοῦ
778 823 1049 910 Γουναροπούλου.
1074 829 1261 911 πειρώμενοι
1284 827 1319 890 δὲ
1344 825 1373 890 οἱ
1397 831 1544 912 μοναχοὶ

266 955 321 1010 τοῖν
349 945 489 1011 Στάλλου
518 943 578 1012 οὐκ
604 944 816 1035 ἠρκίσθησαν
843 960 969 1035 κρατεῖν
994 959 1048 1014 τοῦ
1074 951 1107 1024 ἐξ
1131 947 1308 1035 ἀγορασίαις
1332 946 1437 1023 αὐτοῖς
1462 952 1542 1013 δια-

264 1074 428 1156 ρίροντος,
457 1069 529 1135 ἀλλ’
559 1070 727 1156 ἐπειρῶντο
751 1078 901 1158 κατέχειν
925 1077 981 1138 καί
1004 1076 1039 1138 τὸ
1061 1076 1251 1160 παροικικάν
1277 1072 1453 1159 ἐξάλειμμα
1479 1083 1542 1160 της

264 1205 363 1282 μονης
387 1205 446 1259 των
470 1194 616 1282 Λίμβων,
641 1197 835 1282 τηρήσαντες
858 1199 894 1262 δὲ
921 1194 1011 1284 ημτις
1035 1201 1074 1262 τὰ
1103 1209 1161 1262 των
1183 1196 1369 1285 ἀμφοτίριυν
1398 1197 1541 1262 δικαιώ-

263 1339 349 1404 ματα
378 1320 594 1406 διεκρίνομεν,
624 1317 667 1394 ὣς
696 1319 765 1386 ἐπεὶ
794 1317 853 1385 άπὸ
880 1326 1049 1408 παροικίαν
1076 1326 1131 1386 καί
1156 1322 1209 1386 διά
1230 1330 1408 1406 πρακτικοῦ
1432 1323 1541 1407 ἐτίθη

264 1443 297 1506 ἐν
322 1454 360 1530 τη
386 1453 467 1530 μονη
492 1456 552 1508 τῶν
575 1443 712 1532 Λὲμβων
736 1442 811 1530 ὑπὲρ
827 1447 1006 1533 κεφαλαίου
1023 1446 1192 1528 βασιλικοῦ
1213 1449 1270 1510 καί
1292 1453 1541 1531 στρατιωτικοῦ,

265 1564 444 1652 εὑρίσκεται
473 1569 510 1632 δὲ
546 1566 707 1656 ἀμάτοχον
735 1574 791 1634 καί
821 1567 883 1636 ἀπὸ
913 1577 968 1636 τοῦ
997 1573 1125 1656 μίρους,
1156 1565 1250 1654 οὗπερ
1278 1571 1427 1656 διίπρασε
1455 1573 1542 1654 πρὸς

264 1691 319 1778 τήν
349 1693 445 1778 μονὴν
475 1702 530 1758 τοῦ
559 1693 712 1772 Στύλλου,
741 1691 793 1758 ἵνα
821 1692 956 1780 διαμένῃ
985 1691 1005 1780 ἡ
1033 1695 1114 1780 μονὴ
1145 1701 1198 1760 τοῦ
1223 1691 1361 1760 Στίλλου
1386 1693 1429 1766 είς
1453 1689 1539 1778 ὅπερ

263 1813 417 1901 ἐξοίνηστν
446 1816 508 1880 ἀπὸ
537 1826 591 1884 τοῦ
616 1822 730 1902 μάρους
758 1827 813 1881 τοῦ
840 1817 1112 1903 Γουναροπούλοο,
1141 1821 1197 1885 καί
1225 1817 1267 1903 μὴ
1295 1818 1391 1881 πλέον
1419 1830 1539 1904 χωρεῖ-

263 1942 344 2005 σθαι
372 1945 474 2026 τροπῳ
498 1939 688 2027 δυναστικῲ,
724 1938 744 2028 η
774 1943 809 2005 δὲ
845 1963 881 2020 γε
910 1943 990 2028 μονὴ
1015 1953 1074 2006 των
1102 1941 1238 2027 Λίμβων
1275 1946 1353 2027 μὲνη
1383 1941 1426 2014 τίς
1455 1939 1540 2028 ὅπερ

262 2063 347 2150 εἶχεν
375 2061 391 2127 ὁ
419 2069 574 2150 πάροικος
603 2060 715 2152 αὐτῆς,
744 2067 857 2138 καθιδς
885 2061 1021 2154 ηὕρομεν
1050 2071 1107 2130 καί
1135 2067 1188 2133 διὰ
1216 2074 1393 2152 πρακτικοῦ
1422 2060 1537 2150 αὐτῆς.

261 2189 314 2256 διὰ
338 2199 429 2253 τοῦτο
454 2193 515 2274 γάρ
539 2188 680 2270 ἐγεγόνει
703 2194 759 2254 καί
781 2185 801 2276 ἡ
826 2191 955 2276 τοιαύτη
978 2195 1081 2274 κρίσις
1104 2195 1267 2276 παρρησίη
1290 2200 1350 2254 τῶν
1374 2189 1537 2274 δηλωθη-

261 2317 402 2398 οομὲνων
430 2315 580 2378 κάτωθεν
608 2315 685 2398 πρὸς
715 2309 817 2400 ὄνομα
841 2315 1011 2399 μαρτύρων,
1038 2317 1093 2379 καί
1121 2313 1264 2399 ὲπιδόθη
1294 2313 1337 2400 τῐρ
1356 2317 1447 2400 μέρει
1477 2322 1539 2398 της

262 2437 440 2521 σεβασμίας
468 2440 524 2500 καί
553 2433 646 2515 ἁγίας
677 2437 846 2523 βασιλικῆς
876 2446 973 2523 μονῆς
1001 2448 1060 2502 τῶν
1088 2435 1239 2522 Λὲμβων,
1268 2435 1366 2524 ἤγουν
1394 2445 1448 2500 τοῦ
1476 2461 1539 2500 σε·

263 2561 382 2644 βαστοῦ
406 2568 502 2645 κυροῦ
524 2559 690 2626 Νικολάου
716 2569 769 2626 τοῦ
797 2559 1046 2648 Μοσχαμπὲρου,
1072 2565 1262 2646 στρατιώτου
1287 2569 1341 2626 τοῦ
1368 2560 1538 2644 Ἀβαλάν-

263 2705 317 2746 του
344 2681 599 2760 Κωνσταντίνου,
629 2683 786 2763 Ἀγγίλου
815 2693 869 2748 τοῦ
894 2683 1071 2771 Σαβίντζη,
1102 2652 1337 2769 οἰνδριιιωτάτοο
1360 2685 1538 2768 καβαλλα-

264 2814 332 2893 ρίου
361 2815 415 2871 τοῦ
445 2805 654 2893 Συραλιάτου,
683 2805 818 2893 Μιχαηλ
845 2817 899 2872 τοῦ
928 2805 1075 2894 Ξηρίτου,
1104 2805 1249 2872 Ἰωάννου
1278 2817 1332 2872 τοῦ
1356 2807 1537 2893 Γορδάτου,

263 2933 428 3016 Θεοδώρου
456 2939 510 2995 τοτ’)
533 2931 698 3018 Ἐρεσίου,
723 2930 874 3017 Μανουὴλ
898 2941 952 2996 τοῦ
975 2929 1159 3018 Κολπηνοϋ,
1189 2935 1244 2995 καὶ
1269 2929 1330 2995 ἀπὸ
1356 2941 1414 2994 τιον
1438 2953 1535 2995 τοττι-

262 3067 326 3120 κιῖιν
354 3041 520 3128 Μανταίας
542 3053 567 3119 Γ
570 3061 702 3139 εωργίου
727 3064 781 3118 τοῦ
806 3054 960 3138 Κακαβᾶ,
986 3053 1125 3127 Λέοντος
1147 3065 1205 3119 τοῦ
1227 3055 1378 3141 Ἀρμένη,
1403 3055 1536 3121 Θεοδώ-

262 3199 316 3264 ρου
345 3188 399 3243 τοῦ
427 3177 599 3265 Μαρτίνου,
630 3178 796 3262 Θεοδώρου
820 3185 874 3243 τοῦ
898 3177 1049 3264 Βαρίγυυ,
1073 3177 1239 3263 Κοριακοῡ
1265 3187 1319 3243 τοῦ
1342 3174 1534 3264 Μουρμουν-

261 3312 355 3389 τηνοῡ
391 3308 446 3367 καί
473 3301 585 3387 ἑτέρων
615 3299 673 3368 οὐκ
710 3299 833 3381 δλίγων.
875 3307 981 3389 μηνὶ
1015 3302 1095 3408 agi·
1126 3303 1206 3367 ἰνδ.
1233 3313 1330 3377 τοῖς
1364 3324 1533 3388 προγε-

259 3431 548 3510 mmm
583 3431 611 3505 †·
1085 3491 1088 3502 .

347 3548 1530 3635 γὉπριμμικήριοςτιῖυνταβουλλαρίωντηςάγιιο-

258 3678 397 3758 τάτης
437 3673 771 3758 μητροπόλεως
811 3671 1019 3760 Σμύρνης
1058 3680 1136 3738 καί
1175 3671 1369 3760 ἒνορίας
1412 3672 1531 3739 Μαν-

258 3803 403 3875 ταίας,
437 3794 724 3868 Νικάλαοςδ
757 3795 1158 3884 Φιλοκυνηγίτης,
1186 3800 1336 3884 παρὼν
1367 3797 1440 3862 ἐπὶ
1477 3811 1529 3888 τη

256 3924 466 4008 παρούσῃ
495 3924 651 4005 κρίσει
679 3917 733 3993 ὡς
762 3924 941 4006 γράψας
977 3930 1121 3985 ταῦτα
1158 3933 1399 4008 μαρτυρῶν
1429 3919 1529 3988 ὑπά-

257 4053 409 4133 νυαία
443 4053 472 4127 †·

465 4255 601 4322 XXXIX.
621 4259 852 4336 6782-1274,
869 4279 976 4324 mense
991 4258 1141 4336 ianuario,
1158 4257 1223 4324 ind.
1239 4257 1306 4326 XII.

299 4407 421 4462 Μαντλα
441 4405 643 4462 Τιαοοιιὲιιαο
666 4405 733 4476 filia
748 4407 808 4460 αἰιιι
825 4409 996 4462 monasterio
1011 4407 1136 4464 οιοάιωιτ
1152 4408 1267 4462 arbom
1282 4419 1308 4462 ιτ
1323 4424 1465 4477 campum.

339 4539 657 4624 *γΠρατηριον
695 4538 931 4625 ἔγγραφον
967 4549 1045 4624 τῆς
1081 4550 1290 4626 μοναχης
1324 4539 1524 4625 Μάρθας

252 4675 330 4751 της
361 4665 664 4748 Θρακησίνης
700 4667 777 4728 καί
812 4671 888 4748 τῆς
916 4665 1153 4748 θυγατρὸς
1190 4660 1331 4751 αὐτῆς
1357 4663 1524 4750 Ἄννης
