3140 5306
277 269 342 339 2⁷2

365 465 780 555 γὉχαρεοφδλαξ
813 477 891 556 τῆς
918 465 1186 555 ἁγιωτάτης
1221 470 1431 556 μεγάλης
1468 477 1545 532 τοῦ

279 589 1311 678 θεοῦἐκκλησίας,ΝινηεαςὸΚωτριανάςγ.

367 731 446 820 Εἶχε
474 733 510 796 δί
538 735 595 798 καί
622 735 775 798 κάτωθεν
803 731 1038 822 άτηωρημίνην
1068 733 1253 821 μολιβδίνην
1277 735 1425 819 βοδλλαν,
1455 731 1499 807 ιδς
1525 731 1544 820 ἡ

282 859 436 944 σονῆδεια
464 866 524 921 των
552 856 804 946 χαρτορολιίκων
833 854 1101 944 ἐγκεκολαμμένα
1129 857 1270 950 ἔχουσαν
1293 861 1470 945 γράμματα
1493 859 1545 922 διὰ

282 985 399 1067 στίχων
426 985 565 1072 τορτωνί·
592 979 738 1067 Νικῆτας
761 983 885 1076 γραφὰς
913 982 1160 1069 χαρτορίλακος
1187 983 1277 1048 δίδον
1303 981 1488 1069 Κωτριανοδ
1511 984 1544 1046 τδ

280 1111 376 1193 κῦρος
399 1103 501 1188 αἴσιον
524 1102 618 1191 κάρη.
730 1169 733 1177 .

539 1369 697 1440 chxvl.
715 1369 792 1438 Sino
807 1389 900 1445 anno,
916 1391 1024 1439 mense
1040 1371 1131 1453 maio,
1147 1369 1213 1438 ind.
1231 1371 1283 1439 vl.

274 1511 281 1524 “
390 1517 555 1596 Imperator
567 1519 722 1592 praedium
736 1519 766 1578 S.
783 1517 901 1576 Mariae
916 1521 1088 1576 monastario
1103 1517 1207 1576 Ltmbo
1222 1519 1333 1576 τεείίίαί
1348 1519 1435 1580 iubet.

369 1671 702 1760 γΠρόσταγμα
729 1675 1067 1760 διοριίὸμινον
1096 1674 1472 1762 λιτανασωδῆναι
1497 1684 1544 1760 τη

282 1808 397 1885 μονῆ
424 1799 471 1864 νδ
499 1795 565 1872 είς
593 1799 669 1886 τῆν
697 1801 848 1884 χώραν
880 1806 957 1863 τοῦ
984 1797 1184 1866 Γενικσδ
1212 1801 1442 1886 μετόχιον
1471 1806 1543 1884 τῆς

282 1920 720 2009 Ἀμαναριωτίσσης
748 1922 826 1988 σδν
854 1916 1170 2016 τιριεδκτηρίιρ
1193 1929 1270 2009 τῆς
1293 1921 1434 2004 ἁγίας
1461 1921 1543 1988 Μα-

282 2049 413 2136 ρίνης
435 2049 467 2126 †.

370 2191 391 2268 †
414 2186 632 2270 Πανσίβασττ,
656 2189 803 2272 σεβαστδ,
827 2185 925 2254 σίκείε
948 2197 987 2277 τῇ
1011 2189 1158 2274 βασιλείη
1180 2209 1251 2275 μου,
1275 2190 1368 2275 κριτδ
1390 2198 1450 2255 τοῦ
1466 2189 1543 2254 δεο-

284 2313 459 2398 ρρσωρήτοω
486 2314 664 2398 φρασάτω),
687 2321 747 2398 κδρ
769 2309 986 2380 Κωνσταντίνε
1009 2311 1120 2380 Χειλοί.
1151 2310 1183 2378 οἱ
1204 2315 1341 2399 μοναχοὶ
1364 2319 1422 2399 τῆς
1447 2315 1544 2396 σεβα-

283 2438 379 2520 σμίοις
402 2443 500 2522 μονῆς
523 2443 579 2522 τῆς
603 2436 770 2518 βασιλείας
794 2457 855 2522 μοι)
878 2444 933 2523 τῆς
958 2433 1002 2508 είς
1023 2433 1125 2522 ὄνομα
1144 2439 1323 2523 τιμωμίνης
1345 2443 1403 2522 τῆς
1427 2432 1543 2521 δτερά·

282 2577 358 2637 γνοο
381 2579 442 2643 μοι)
465 2558 634 2644 δεσποίνης
658 2562 715 2624 καί
738 2561 939 2646 δεομητορος
965 2567 1022 2646 τῆς
1049 2567 1104 2626 τοῦ
1130 2557 1263 2646 Αίμβσο
1289 2557 1543 2646 ίιεικεκλημένηε

283 2678 448 2768 ἆνίφερον,
482 2679 526 2756 ὣς
551 2685 622 2766 περί
650 2683 706 2769 την
733 2685 841 2769 χώραν
876 2691 932 2748 τσδ
966 2681 1100 2750 Γενικσδ
1127 2687 1299 2771 κίκτηνται
1326 2685 1479 2770 μετδχισν
1507 2684 1540 2746 τὰ

282 2814 339 2892 τῆς
366 2804 661 2893 Ἀμαναριωτίσσης
694 2807 893 2892 καλούμενον
922 2806 977 2872 σίιν
1004 2805 1050 2892 τῷ
1074 2802 1226 2894 εὐκτηρίιρ
1253 2814 1310 2893 τῆς
1345 2803 1444 2886 άγίας
1471 2805 1542 2872 Mu·

283 2926 385 3018 ρίνης,
414 2928 494 3016 ἄτερ
520 2933 782 3018 καταγράρονται
804 2933 863 2996 καί
889 2928 922 2996 ἂν
944 2928 988 3016 τῷ
1014 2934 1163 3016 τροσάντι
1186 2925 1292 3005 αὐτοῖς
1313 2929 1541 3018 χρσσοβοιίλλμ

283 3063 339 3142 τῆς
370 3056 535 3140 βασιλείας
562 3076 633 3142 μου.
662 3055 726 3155 ιερδ
747 3063 862 3140 καιροῦ
889 3054 925 3120 δί
958 3056 1190 3142 κατακρατῆθη
1216 3057 1252 3122 τὸ
1280 3063 1423 3120 τοιοῦτον
1452 3057 1542 3141 μετί-

283 3197 354 3266 χιον
380 3183 467 3266 παρὰ
494 3187 550 3244 τοδ
578 3182 693 3266 μίρσσς
715 3186 771 3244 τοῦ
794 3175 1110 3266 Πορριιρογεννῆτοω,
1132 3181 1191 3244 καί
1212 3175 1352 3265 δτετίδη
1376 3189 1416 3265 τῆ
1445 3179 1541 3262 σεβα-

284 3306 363 3388 σμία
385 3313 466 3389 μονῆ
489 3311 545 3368 τοδ
561 3301 720 3368 Στοοδίοο.
744 3299 924 3370 κᾶντεδδεν
939 3298 1124 3389 ὀδεῆδησαν
1145 3297 1394 3389 ίτανασωδῆναι
1416 3313 1458 3390 τῆ
1473 3295 1539 3367 κατ’

284 3422 398 3499 αὐτσδς
421 3427 550 3511 τοιαύτη
567 3426 730 3511 σεβασμία
753 3435 845 3512 μονῆ.
870 3433 926 3512 τῆς
946 3433 1021 3503 γοῦν
1043 3426 1185 3513 δεήσεως
1208 3421 1310 3492 αὐτῶν
1335 3411 1541 3492 ἰπαιῖοιίσασα

282 3545 304 3635 ἡ
328 3548 476 3632 βασιλεία
504 3571 565 3634 μον
587 3549 772 3632 διορίζεται,
800 3546 844 3623 ὣς
867 3547 905 3615 ἂν
929 3546 1068 3636 ἀναδίξη
1096 3550 1169 3624 τσδς
1192 3551 1352 3624 τοιούτους
1380 3550 1541 3638 μοναχοδς

195 3679 202 3690 “
283 3677 340 3738 καί
367 3670 583 3759 οὶκονομῆσης
618 3671 832 3757 ίιτιλαβάσδαι
862 3677 919 3738 καί
952 3677 1104 3760 κατὲχτιν
1131 3676 1168 3738 τὸ
1196 3671 1360 3761 εἰρημένον
1395 3677 1539 3760 μετδχιον

284 3791 396 3873 αἰετῶν,
419 3793 463 3870 ὥς
487 3797 522 3860 τδ
544 3799 697 3882 πρότερον
720 3800 805 3862 κατὰ
828 3797 882 3883 τήν
906 3781 1071 3886 σερίληψιν
1094 3806 1150 3862 τοῦ
1173 3801 1345 3884 προσόντος
1362 3794 1478 3879 αιίτσίς,
1502 3795 1541 3869 ιδς

284 3921 414 4010 εἴρηται,
438 3921 677 4006 χρωσσβοιίλλσσ
702 3913 760 3985 καί
788 3922 831 4008 μῆ
860 3917 1015 4008 εὑρίσκειν
1043 3925 1133 4008 παρά
1160 3943 1241 3997 τινος
1271 3923 1540 3990 καταδοναστείον

281 4049 339 4114 καί
361 4045 563 4132 διενὸχλησιν
590 4053 646 4131 τῆς
669 4045 782 4110 τοίεοσ
804 4055 949 4134 κατοχῆς
974 4051 1030 4114 καί
1052 4057 1153 4133 νομῆς
1181 4047 1300 4114 δνεκεν.
1330 4050 1387 4112 καί
1409 4051 1538 4133 ποίησον
1565 4127 1566 4130 ¹

282 4172 367 4236 κατὰ
401 4171 454 4236 τδν
480 4171 622 4255 παρόντα
649 4167 781 4254 ὁρισμὸν
809 4177 865 4256 τῆς
894 4169 1061 4254 βασιλείας
1089 4191 1163 4257 μοι),
1192 4169 1228 4238 δν
1253 4175 1309 4238 καί
1340 4170 1539 4258 ἀντίστρεψον

283 4295 359 4380 πρὸς
383 4291 496 4367 αὐτοὺς
519 4294 559 4360 δι’
581 4290 762 4381 ἀσφάλειαν
784 4296 815 4372 †.

370 4440 392 4516 †
425 4433 536 4521 Εἶχε
572 4437 630 4500 τδ·
666 4437 774 4520 μηνί
809 4431 925 4519 μαίιρ
958 4433 1040 4500 ὶνδ.
1075 4432 1215 4521 ἕκτης
1246 4437 1298 4501 δι’
1334 4437 1536 4522 δρωδρων

285 4564 569 4646 γραμμάτων
596 4566 674 4644 τῆς
703 4557 959 4644 βασιλικῆς
993 4562 1071 4623 καί
1105 4559 1244 4632 δείας
1277 4562 1438 4646 χειρὸς
1465 4557 1538 4622 καί

286 4685 514 4760 κάτωθεν,
542 4679 595 4754 ὡς
624 4681 736 4754 ἔθος
758 4691 855 4753 τοῖς
878 4684 1152 4766 μεοάίσοσι·
1179 4684 1254 4748 διὰ
1277 4691 1353 4749 τοῦ
1376 4701 1536 4768 πρωτο-
