3140 5306
7 4841 9 4912 ί

1241 331 1301 394 241

128 519 286 606 βΕίχε
316 523 372 586 τύ·
401 519 660 610 μηνίμαΐιμ
693 519 772 587 ίνδ.
803 523 825 585 τ’
854 517 904 586 δι’
936 519 1143 606 ἐρυθρῶν
1171 539 1305 608 χραμ-

53 648 195 728 μάτων
228 653 306 730 τῆς
341 645 597 732 βασιλικῆς
630 647 709 710 καί
744 647 881 719 θείας
916 642 1229 732 χειρύς,,εἶχε
1257 645 1304 710 δὲ

52 771 119 832 καί
147 771 363 833 κάτωθεν
390 773 586 855 κηρίνην
616 769 819 853 βούλλάν
847 777 923 833 τοῦ
957 770 1210 852 βασιλικοῦ
1238 767 1308 833 δα-

52 892 238 956 κτυλίου
271 895 351 955 καί
388 894 445 956 τύ·
483 893 560 956 διὰ
594 901 671 957 τού
705 889 910 980 Τορνίκη
944 889 1220 980 Δημητρίου,
1255 887 1308 964 ὣς

53 1014 635 1100 ίθοςτοῐςμεσάίυυσινβ.

604 1351 752 1364 *ru-mum*-

130 1611 185 1678 111.
218 1617 248 1694 †.
286 1613 570 1700 Πρύσταημα
603 1610 765 1700 ἕτερον
804 1618 941 1702 χάριν
976 1623 1051 1677 τού
1087 1614 1305 1678 τοιούτου
1432 1649 1433 1653 =

56 1735 265 1821 βιβαρίου
298 1740 328 1816 †.

131 1880 152 1956 †
181 1874 269 1941 Ἐπεί
297 1873 339 1950 ὡς
374 1873 541 1964 ἀνηνέχθη
569 1889 608 1964 τη
644 1879 793 1962 βασιλείη
827 1899 886 1964 μου
914 1881 1001 1964 παρὰ
1027 1886 1082 1942 τού
1114 1880 1303 1962 τιμιωτάτου

55 2002 294 2086 καθηγουμένου
318 2011 374 2086 της
398 2003 576 2086 σεβασμίας
613 2011 709 2088 μονῆς
744 2009 798 2087 της
834 2010 893 2064 τῶν
921 1997 1068 2087 Λὲμβων,
1102 2001 1142 2064 δι’
1170 1999 1302 2088 ὁρισμοῦ

55 2132 99 2187 τού
126 2121 273 2208 ἀοιδίμου
302 2121 458 2208 βασιλέως
487 2121 609 2188 ἐκείνου
636 2127 692 2188 καὶ
719 2126 812 2189 θείου
836 2135 890 2212 της
920 2125 1082 2208 βασιλείας
1111 2146 1180 2210 μου,
1204 2132 1304 2210 κυροῖ)

55 2243 189 2332 Ἰωάννου
216 2255 272 2311 τού
301 2245 419 2322 Δυύκα,
454 2244 607 2334 ἐδωρήθη
635 2258 674 2336 τη
699 2249 827 2334 τοιαύτη
857 2257 938 2334 μονη
967 2249 1073 2311 τύπιύν
1107 2271 1136 2312 ττ
1168 2248 1303 2334 πλησίον

57 2379 101 2455 τῆς
127 2369 301 2458 θαλάσσης
331 2372 366 2434 τύ
397 2367 646 2457 ἔπικεκλημένον
673 2369 773 2454 Γύρυς
800 2372 835 2434 τύ
864 2374 920 2434 καί
948 2369 980 2436 ἐν
1008 2369 1052 2457 τῷ
1079 2372 1306 2458 χρυσοβούλλιρ

56 2495 159 2580 ταύτης
189 2491 500 2580 ἓμπεριειλημμίνον,
529 2491 599 2581 ἤτοι
625 2489 646 2582 ἡ
674 2495 797 2560 παλαιὰ
824 2493 905 2582 νομη
934 2501 989 2560 τού
1015 2492 1182 2582 Ἕρμωνος
1203 2517 1305 2562 ποτα-

58 2625 115 2700 μού,
139 2616 226 2682 ἀλλὰ
248 2621 306 2682 καί
327 2613 347 2704 ἡ
371 2613 548 2704 Καρπαθία
572 2613 802 2704 δνομαίομένη,
828 2617 872 2691 είς
897 2617 932 2683 δν
954 2617 994 2706 δη
1018 2619 1112 2684 τύπον
1131 2623 1188 2698 καί
1209 2621 1303 2704 ββά-

57 2761 111 2822 ριον
143 2739 316 2827 ἆνηηειραν
344 2735 374 2805 οί
401 2744 553 2828 μοναχοί,
589 2737 632 2815 ὣς
660 2741 696 2805 δύ
724 2744 779 2806 καί
813 2741 857 2826 τῷ
893 2743 1070 2828 στρατιώτῃ
1103 2739 1237 2829 Μιχαὴλ
1264 2741 1307 2828 τῷ

57 2861 164 2950 ’λημία
188 2861 340 2951 ἐδωρήθη
362 2867 440 2950 πρός
463 2859 649 2950 οἰκονομίαν
677 2859 772 2928 αύτού
797 2866 832 2928 τύ
855 2869 1032 2951 καταρρέον
1059 2859 1143 2949 ύδωρ
1170 2871 1227 2950 τῆς
1250 2873 1303 2930 νύν
1341 2869 1345 2876 ’

57 2997 141 3074 νομῆς
163 2995 220 3052 τοῦ
243 2989 386 3052 τοιούτου
408 2985 574 3074 Ἕρμωνος
598 2984 672 3052 ἄνευ
696 2995 752 3073 τῆς
778 2987 919 3059 παλαιᾶς
946 2993 1046 3073 νομῆς
1072 2989 1128 3052 καί
1155 2997 1214 3052 τῶν
1242 2983 1303 3052 αύ-

58 3107 162 3176 λακίων
197 3113 309 3178 τούτου
343 3121 403 3176 τῶν
438 3115 494 3176 καί
526 3113 585 3197 πρὸ
612 3111 735 3197 χρύνων
762 3105 826 3198 ἤδη
858 3111 983 3176 πολλῶν
1016 3107 1303 3198 προκατεχομίνυν

58 3239 207 3318 καμάτου
232 3239 346 3322 μίμους
369 3243 424 3322 τῆς
447 3233 652 3322 δηλωθείσης
679 3241 787 3321 μονης,
816 3231 846 3298 οἱ
869 3243 1074 3307 πακτωτιιτῶς
1098 3231 1304 3321 ἐξωνούμενοι

60 3359 87 3420 τύ
110 3369 163 3424 τοῦ
198 3361 391 3445 στρατιώτου
426 3357 568 3444 βιβάριον
603 3349 662 3422 ούκ
691 3351 861 3442 ἀρκοῦνται
888 3353 933 3430 εἰς
960 3357 1016 3442 τήν
1043 3355 1142 3444 νομὴν
1171 3355 1303 3438 ἐκείνου,

61 3477 131 3547 ἀλλὰ
152 3481 331 3568 δυνασττκῷ
354 3485 457 3569 τρύπιμ
478 3481 766 3567 κατεπεμβαίνουστ
789 3483 844 3544 καί
860 3475 1037 3565 ἁρπάζουσι
1057 3486 1116 3544 τῶν
1140 3489 1196 3568 τῆς
1218 3480 1305 3569 εἰρη-

61 3609 142 3692 μὲιης
169 3615 270 3693 μονῆς
297 3609 413 3683 τύπων,
442 3616 501 3669 τῶν
525 3605 587 3670 ύιπύ
618 3613 672 3690 τῆς
706 3603 887 3689 Καρπάθου
915 3603 1056 3682 δικαίων,
1083 3607 1140 3670 καί
1170 3615 1306 3671 κτῶνται

61 3737 138 3793 τοῦτο
164 3732 243 3816 πρὸς
268 3727 350 3794 ίδιον
377 3725 508 3814 κάρδος,
536 3725 706 3813 διορίζεται
727 3723 747 3816 ἡ
773 3726 920 3810 βασιλεία
945 3749 1020 3813 μου,
1045 3724 1093 3791 ὅτι
1116 3725 1183 3792 ἐπεί
1207 3723 1305 3800 οὕτως

63 3848 159 3936 ἔχουσι
181 3855 222 3918 τὰ
245 3861 302 3938 τῆς
325 3847 519 3929 ύποθίσεως,
542 3853 692 3937 κατέχειν
717 3853 774 3935 μὲν
797 3849 852 3936 την
877 3845 1031 3936 ῥηθεῖσαν
1056 3851 1152 3937 μονὴν
1175 3851 1230 3914 καί
1253 3851 1304 3912 νέ-

62 3979 167 4056 μεσθαι
193 3979 297 4063 πάντη
326 3973 547 4060 άνενοχλήτως
575 3977 632 4037 καί
661 3967 859 4057 άπεριτιύπως
881 3975 921 4036 τὰ
943 3971 1055 4037 δίκαια
1081 3979 1136 4059 της
1164 3973 1305 4046 παλαιάς

63 4107 145 4184 νομης
172 4107 227 4164 τού
254 4103 398 4183 ποταμοῦ
434 4097 489 4161 σύν
517 4103 555 4183 τη
582 4093 775 4181 Καρπαθίομ,
803 4093 919 4168 καθύς
947 4093 980 4160 ἐν
1008 4097 1051 4181 τῷ
1076 4094 1304 4181 χρυσοβούλλιρ

64 4221 163 4309 ταύτης
182 4222 407 4309 περιείληπται,
431 4219 488 4282 καί
514 4221 550 4283 τύ
579 4221 674 4305 μέρος
702 4227 757 4283 τού
784 4215 1040 4304 Καληγοπούλοο
1067 4219 1123 4304 την
1151 4220 1207 4283 καί
1230 4221 1303 4282 νὲαν

65 4345 147 4430 νομὴν
168 4354 224 4410 τοῦ
239 4341 417 4430 Ἕρμωνος,
441 4341 497 4428 την
520 4345 576 4406 καί
598 4343 800 4428 δωρηθεῑσαν
828 4335 928 4424 αύτηῖ,
952 4339 1009 4405 καί
1031 4339 1201 4425 ἀρκεῖσθαι
1222 4338 1305 4406 ἕκα-

67 4485 126 4530 στον
147 4477 206 4532 των
231 4477 331 4554 μερῶν
355 4465 400 4539 είς
425 4467 459 4529 τύ
488 4468 572 4530 κατὰ
599 4465 724 4530 δίκαιον
752 4463 848 4542 λύγον
877 4459 996 4548 ἀνῆκον
1025 4459 1117 4550 αύτῷ.
1145 4466 1223 4550 πρὸς
1246 4467 1307 4550 γὰρ
1403 4467 1410 4500 “

70 4583 227 4676 άσράλειαν
250 4599 306 4654 τού
331 4592 443 4675 μέρους
468 4597 522 4674 τῆς
546 4589 690 4673 τοιαύτης
716 4594 812 4673 μονῆς
837 4583 975 4665 ἐγεγόνει
999 4591 1055 4651 καί
1079 4585 1094 4652 ύ
1121 4589 1227 4674 παρὼν
1250 4595 1306 4674 της

70 4711 215 4791 βασιλείας
240 4735 301 4801 μου
324 4709 453 4797 ύρισμύς
477 4715 505 4791 †.

1081 4822 1112 4872 16
