3140 5284
557 455 676 522 xcvll.
693 458 733 522 67
738 456 922 532 84-1276,
939 474 1051 520 mense
1066 453 1162 534 iunio,
1179 453 1243 520 ind.
1260 453 1310 520 IV.

365 603 504 658 Νίοοέαιιε
520 603 643 659 Creticus
659 615 685 659 et
695 605 815 675 familia
829 606 999 660 monasterio
1016 605 1140 658 vendunt
1156 621 1289 675 οατκριιπι
1305 613 1330 658 εί
1346 604 1500 659 ecclesiam.
1564 595 1565 600 ¹

389 754 491 836 †'l'6
517 760 774 844 πρατηριον
804 757 1040 844 ἔγγραφον
1066 755 1309 822 Νικολάου
1342 763 1420 820 τοῦ
1449 753 1561 839 Κρη-

303 888 446 958 τικοῦ,
481 887 557 944 τοῦ
594 883 673 945 καί
705 879 919 966 Δερματᾶ
953 883 1031 944 καί
1058 889 1140 944 τῶν
1173 880 1347 944 παίδων
1373 883 1454 944 καί
1483 889 1562 942 τῶν

303 1013 537 1082 συγγενῶν
576 1000 715 1068 αὐτοῦ
743 1006 883 1090 χάριν
911 1007 1252 1090 τουχωραιρίου
1281 1002 1562 1088 τοῡΚραμα-

302 1130 610 1214 στοῦκαίτῆς
634 1125 998 1214 ἐκκλησίαςτῆς
1023 1124 1418 1213 άγίαςἙλένηςγ.

389 1249 486 1329 Σίγνα
513 1248 677 1315 Νικολάου
705 1261 760 1316 τοῦ
783 1249 956 1337 Κρητικοῦ,
982 1259 1035 1314 τοῦ
1058 1255 1114 1314 καί
1137 1249 1299 1336 Δερματᾱ,
1324 1249 1560 1316 Κωνοταντίνου

301 1383 356 1438 τοῦ
383 1371 619 1460 Πεπωλημένου
645 1378 702 1439 καί
725 1371 792 1440 οἱοῦ
818 1371 928 1452 αὐτοῦ,
961 1373 1097 1460 Εἰρήνης
1120 1383 1176 1459 της
1199 1375 1360 1459 θυγατρὸς
1384 1373 1483 1437 αὐτοῦ
1511 1383 1561 1457 τῆς

300 1496 519 1582 Παλατιανῆς,
546 1496 704 1583 Γεωργίυυ
724 1507 779 1562 του
808 1497 972 1584 Ζαμπίκη,
996 1497 1150 1574 Ἰωάννου,
1175 1505 1229 1561 τοῦ
1254 1494 1320 1560 υἱοῦ
1346 1491 1460 1576 αὐτοῦ,
1487 1497 1561 1562 Θεο-

300 1622 413 1707 δώρου,
437 1630 492 1686 τοῦ
516 1620 622 1706 έτέρου
647 1620 713 1687 υἱοῦ
738 1617 846 1700 αὐτοῦ,
869 1621 979 1706 Ξένης,
1003 1629 1059 1707 τῆς
1082 1623 1231 1700 γυναικὸς
1254 1629 1308 1684 τοῦ
1332 1620 1494 1707 Ζαρπίκη.

387 1741 473 1824 ’ςἘν
497 1742 627 1830 δνόματι
649 1765 679 1809 κ.
697 1769 722 1809 τ.
741 1743 765 1809 έ.
789 1737 878 1832 ἡμεῖς
900 1743 930 1808 οἱ
951 1743 1075 1809 ἄνωθεν
1097 1765 1127 1808 κ.
1146 1767 1171 1810 τ.
1189 1745 1217 1808 λ.
1242 1743 1297 1830 τὴν
1320 1753 1559 1828 παροῦσαν...

299 1879 413 1954 πρᾶσιν
440 1878 666 1954 ποιοῦμεν...
693 1871 770 1953 πρὸς
799 1871 835 1932 τὸ
864 1872 958 1952 μέρος
985 1877 1041 1954 της
1070 1868 1247 1952 σεβασμίας
1272 1868 1441 1955 βασιλικῆς
1467 1876 1561 1953 μονῆς

300 2002 355 2080 τῆς
393 1988 568 2077 ὁπεράγνου
600 1993 758 2056 θεοτόκου
792 2001 848 2078 τῆς
882 1990 1124 2077 Λεμβίωτίσσης
1158 2012 1189 2056 κ.
1229 2014 1255 2056 τ.
1295 1991 1323 2056 λ.
1356 1996 1560 2077 πεπράκαμεν

300 2118 418 2202 γὰρτὸ
442 2113 725 2203 χωράριονὴμῶν,
751 2113 816 2180 οίον
839 2119 896 2180 καὶ
920 2112 995 2179 ὅσον
1019 2112 1094 2190 ἐστὶ,
1119 2117 1153 2178 τό
1178 2112 1210 2178 ἐν
1235 2126 1273 2202 τῇ
1304 2117 1484 2200 τυποδεσίη
1510 2123 1560 2179 τοῦ

299 2239 495 2324 Κραμαστοϋ
520 2243 600 2324 μετὰ
623 2243 757 2326 καὶτῆς
781 2237 878 2325 οὔσης
902 2235 1006 2302 ἐκεῖσε
1030 2237 1205 2324 ἐκκλησίας
1228 2243 1284 2302 καί
1309 2237 1560 2326 ἐπικεκλημένης

302 2361 396 2442 ἁγίας
423 2361 553 2449 Ἑλένης
577 2367 656 2448 μετὰ
679 2367 734 2426 καί
758 2372 814 2448 τῆς
836 2370 990 2448 περιοχῆς
1018 2370 1072 2426 τοῦ
1098 2361 1202 2425 ἐκεῖσε
1226 2367 1459 2447 παραρρέοντος
1484 2359 1560 2426 ὕδα-

299 2508 362 2560 τος,
386 2489 551 2573 φάραγγὸς
575 2509 607 2552 τε
630 2489 686 2552 καί
706 2481 870 2570 ὑπωρείας,
896 2481 1070 2574 ῥοδαρνῶν,
1094 2483 1348 2571 κηπωροτοπίων,
1373 2490 1493 2570 πέτρας
1507 2489 1559 2548 καί

301 2608 392 2688 ἄλλο,
417 2605 493 2695 ὅπερ
514 2607 652 2696 ἐνέμετο,
677 2609 722 2682 είς
745 2609 868 2673 τελείαν
883 2611 1038 2696 κατοχην.
1063 2605 1141 2673 ὅθεν
1166 2605 1344 2696 ἐρείλουσιν
1361 2608 1391 2673 οί
1408 2605 1559 2695 ῥηθέντες

303 2736 441 2819 μοναχοί
470 2741 525 2818 τῆς
560 2733 738 2818 σεβασμίας
766 2741 863 2818 μονῆς
889 2743 948 2796 τῶν
976 2730 1111 2817 Λέμβων
1139 2735 1288 2818 κατέχειν
1318 2728 1397 2796 αὐτὰ
1428 2730 1471 2806 ὡς
1497 2733 1559 2796 ἴδια

302 2878 332 2922 κ.
358 2880 384 2922 τ.
408 2859 437 2923 λ.
462 2855 489 2920 εἰ
508 2829 540 2920 δ’
566 2853 650 2930 ὅστις
674 2859 862 2942 τολμήσειεν
886 2859 924 2919 τὰ
947 2861 1019 2940 παρ’
1042 2853 1131 2944 ἡμῶν
1156 2857 1375 2939 βεβαιωθέντα
1399 2855 1561 2941 ἀκυρῶσαι

303 3029 387 3045 ....
414 2982 627 3066 ἱημιωθῶμεν
650 2984 706 3044 καί
729 2981 807 3063 πρὸς
830 2981 865 3043 τδ
890 2981 1054 3060 βασιλικὸν
1080 2981 1259 3063 βεστιάριον
1289 2976 1447 3065 ὁπέρπορα
1472 2981 1558 3042 δέκα.

302 3107 355 3168 διὰ
378 3113 470 3169 τοῦτο
496 3102 639 3184 ἐγεγόνει
661 3106 718 3166 καί
740 3100 760 3190 ἡ
783 3112 931 3188 παροῦσα
955 3099 1090 3188 ὑμετέρα
1113 3105 1247 3187 καθαρὰ
1270 3113 1386 3188 πρᾶσις
1409 3108 1467 3168 καί
1492 3103 1560 3166 ἐπε-

301 3229 387 3314 δόθη
416 3227 458 3312 τῷ
482 3233 569 3313 μέρει
592 3236 647 3313 τῆς
671 3228 905 3314 διαληφδείσης
933 3235 1030 3312 μονῆς
1053 3225 1097 3300 είς
1121 3224 1308 3315 ἀσφάλειαν.
1337 3225 1446 3312 μηνὶ
1473 3226 1559 3290 ίοο·

301 3349 481 3435 νίιρένδ.
505 3351 628 3416 δ’τοδ
657 3349 995 3438 ,ςψπδέτουςῂ

390 3473 485 3553 Σίγνα
510 3477 682 3560 μαρτύρων·
705 3471 839 3559 Μιχαὴλ
862 3481 917 3538 τοδ
940 3473 1091 3552 Θελόγου,
1115 3471 1253 3547 Λέοντος
1276 3483 1331 3538 τοῦ
1355 3473 1527 3539 Καλοειδᾶ.

388 3595 472 3676 †‘0
501 3593 693 3684 εὐτελὴς
722 3595 876 3680 ἱερεὺς
903 3607 1212 3680 πρωτοπαπᾶς
1240 3600 1392 3684 χώρας
1419 3596 1555 3680 Μουρ-

302 3721 516 3804 μοδντων,
544 3719 776 3804 Γεωργιος
804 3717 821 3782 ὁ
848 3719 1128 3805 Καρωνίτης,
1159 3721 1206 3784 τδ
1234 3723 1378 3806 παρδν
1402 3721 1560 3804 ἐγγρα-

300 3865 380 3931 ρον
404 3848 583 3931 γράψας
608 3841 902 3930 ὑπέγραψαγ.

564 4091 669 4156 ΧΟΙΙΙ.
688 4091 915 4168 6784-1276,
932 4109 1037 4155 mense
1054 4087 1155 4175 aprili,
1174 4087 1237 4154 ind.
1255 4089 1307 4156 IV.

484 4241 632 4312 Τρταιιέκα
647 4249 673 4295 ιτ
682 4241 739 4312 filii
755 4242 925 4294 monasterio
941 4239 1064 4292 ιιικάιικί
1079 4257 1193 4310 campos
1208 4241 1239 4293 ίκ
1254 4237 1383 4297 Αοῖαοίο.

387 4391 495 4472 γΤό
529 4392 789 4478 πρατήριον
822 4399 899 4476 τῆς
937 4389 1235 4476 Τυρρανίνης,
1273 4401 1354 4455 τῶν
1388 4391 1559 4454 παίδων

301 4511 441 4600 αὐτῆς
468 4520 545 4580 καί
574 4524 655 4578 τῶν
684 4524 917 4594 συγγενῶν
947 4518 1084 4600 χάριν
1113 4525 1194 4578 τῶν
1225 4512 1268 4578 ἐν
1296 4525 1344 4600 τη
1369 4515 1559 4578 τοποθε-

301 4645 376 4722 σίιρ
400 4649 475 4703 τοῦ
500 4635 741 4704 Αὔλακίοο
765 4643 1008 4726 χωραρίων
1031 4643 1059 4718 †.
