3140 5306
251 239 315 306 274

254 455 330 520 μοο,
360 431 514 519 ἀπικορῶν
542 435 599 520 μὲν
626 433 683 498 καί
713 433 753 496 τά
786 431 963 518 παλαιγενῆ
991 430 1216 518 χροσύβοολλα
1245 431 1302 496 καί
1329 426 1458 520 ἀλλοῖα,
1477 429 1530 494 δι·

252 561 424 644 καιῶματα
453 565 508 643 τῆς
536 564 648 642 μονῆς,
678 552 866 639 ίπιβεβαιῶν
892 555 929 620 δέ
954 557 1014 620 καί
1040 556 1095 640 τῆν
1123 553 1310 640 σικριτικῆν
1340 553 1531 632 διάγνωσιν,

252 682 290 768 ῆν
319 680 505 767 ἐπορίσαντο
534 677 564 744 οἱ
591 683 738 766 μοναχοί.
769 676 836 744 ἐπεὶ
862 676 898 742 δέ
924 677 990 744 έδει
1014 675 1071 742 καὶ
1098 688 1234 750 τοπικῶς
1259 675 1532 762 ἀποκαταστῆναι

253 806 327 878 τούς
355 803 517 892 μοναχούς
546 801 591 876 είς
622 799 697 888 ὅπερ
727 801 841 890 έχοοσι
874 803 1016 878 δίκαιον,
1052 801 1224 886 διορίζεταί
1252 773 1345 888 σοιὴ
1373 801 1532 884 βασιλεία

254 952 324 1016 μου,
348 926 392 1001 ύνς
413 925 450 992 ἂν
472 924 621 1013 ἀπέλθῃς
645 925 682 992 σύ
708 923 811 992 έκεῐσε
835 924 891 992 καὶ
914 925 1067 1011 έξετάσῃς
1091 928 1130 989 τὰ
1154 933 1210 1012 τῆς
1234 926 1382 1010 τοιαύτης
1397 921 1531 988 ἀποδέ-

253 1074 334 1125 σεως
358 1049 498 1136 ἀκριβῶς
520 1054 577 1115 καί
602 1054 682 1136 μετὰ
706 1047 876 1138 ἀλῃδτίοις.
907 1053 1048 1136 ζητήσας
1072 1053 1128 1134 μέν
1152 1051 1191 1112 τὰ
1215 1047 1443 1134 χροσύβοολλα
1467 1057 1532 1133 τῆς

253 1177 401 1262 τοιαύτης
430 1183 539 1260 μονῆς,
576 1177 717 1261 ζητήσας
745 1175 780 1238 δὲ
809 1179 866 1238 καί
894 1177 933 1238 τὰ
966 1172 1063 1258 ἕτερα
1096 1169 1194 1260 αύτῆς
1229 1173 1432 1258 δικαιώματα
1468 1176 1532 1237 καί

254 1303 410 1386 γνωρίσῃς
433 1301 490 1371 τὰς
514 1299 628 1362 τούτων
656 1298 848 1386 περιλήψεις,
874 1301 986 1384 μάθῃς
1010 1299 1045 1360 δὲ
1069 1299 1156 1382 παρά
1185 1305 1321 1361 τοπικῶν
1345 1294 1532 1381 ἀνθρώπων

255 1419 421 1510 χρησίμων
449 1425 506 1486 καί
540 1425 579 1486 τὰ
608 1417 679 1506 ύρια
702 1432 762 1485 τῶν
791 1421 961 1508 εἰρημένων
989 1425 1104 1486 τοπίων
1132 1431 1191 1484 τῶν
1218 1417 1340 1492 ἐντοῖς
1366 1421 1532 1492 τοιούτοις

252 1545 523 1634 περιειλημμένων
558 1545 761 1631 δικαιῶμασι,
798 1549 854 1610 καί
882 1544 991 1609 ἔκτοτε
1026 1546 1124 1630 τάξῃς
1157 1547 1213 1608 καί
1249 1541 1531 1630 ἀποκαταστῆσῃς

254 1673 340 1734 κατὰ
363 1672 415 1736 τύν
439 1677 493 1734 τού
522 1669 649 1734 δικαίοο
674 1673 809 1755 καὶτῆς
833 1666 993 1755 ἀληθείας
1016 1669 1112 1748 λύγον
1136 1668 1209 1740 τούς
1237 1668 1399 1740 τοιούτοος
1422 1688 1532 1753 μονα-

253 1795 347 1880 χούς,
372 1789 456 1865 ὅπως
479 1796 658 1878 κατέχωσιν
682 1789 905 1880 ἀνενοχλῆτως
930 1795 968 1856 τά
991 1792 1212 1880 διαληφθέντα
1241 1794 1333 1855 τύπια
1356 1793 1443 1856 κατὰ
1468 1793 1532 1864 τὰς

252 1918 437 2004 περιλήψεις
465 1927 524 1980 τῶν
553 1919 732 2001 τροσύντων
763 1910 869 1990 αὐτοῖς
892 1916 1136 2003 χροσοβούλλων
1160 1917 1217 1979 καί
1243 1912 1356 2000 ἑτέρων
1384 1914 1529 1978 δικαιω-

215 2049 218 2056 “
253 2045 359 2128 μάτων
383 2043 440 2105 καί
464 2040 506 2126 μῆ
532 2035 717 2125 εὑρίσκωσιν
741 2038 786 2112 είς
809 2042 844 2104 τύ
869 2037 939 2126 ἑξῆς
960 2040 1014 2124 τῆν
1042 2049 1202 2124 τοχοῶσαν
1230 2037 1433 2126 διενύχλησιν
1454 2041 1529 2124 χά-

253 2186 299 2251 ριν
323 2166 545 2248 τούτωνπαρὰ
566 2171 620 2227 τού
642 2163 845 2258 δηλωδέντος
865 2161 973 2250 Βρανᾱ
994 2161 1051 2227 καὶ
1071 2169 1125 2270 τού
1148 2165 1263 2250 μέροος
1285 2155 1390 2226 αύτού.
1413 2159 1529 2226 ιδσαύ-

253 2309 313 2360 τως
336 2291 392 2352 καί
419 2289 472 2351 τύν
495 2286 623 2372 Βρανᾱν
648 2285 920 2373 ἀποκαταστῆσῃς
943 2291 999 2352 καί
1025 2281 1118 2352 αύτύν
1142 2283 1188 2358 είς
1212 2287 1247 2350 τὸ
1276 2285 1392 2351 οἰκεῖον
1421 2282 1528 2352 αύιοῶ

252 2412 388 2491 δίκαιον,
413 2409 458 2486 είς
485 2405 560 2476 ύσον
584 2414 639 2474 καί
662 2411 702 2474 τά
725 2410 927 2496 δικαιώματα
956 2411 1068 2474 τούτου
1089 2409 1369 2495 διαλαμβάνουσιν,
1403 2407 1456 2474 ίπί
1480 2413 1532 2498 τῷ

253 2535 335 2622 μηδέ
370 2542 479 2599 τοῦτον
508 2531 662 2619 εύρίσκειν
691 2535 726 2598 τὸ
756 2529 818 2598 ἀπὸ
853 2534 945 2598 τοῦδε
974 2531 1036 2598 ἀπὸ
1064 2544 1123 2598 τῶν
1156 2544 1305 2620 μοναχῶν
1336 2531 1529 2621 οἱανδητινα

254 2655 396 2724 ἐπίθεσιν
420 2661 476 2722 καί
503 2654 630 2722 ἀδικίαν
656 2655 704 2722 ἐπί
728 2667 793 2730 τοῖς
824 2656 964 2730 οἰκείοις.
996 2655 1062 2722 ἐπεὶ
1085 2657 1122 2721 δὲ
1145 2653 1274 2736 λέγειὸ
1304 2655 1446 2743 Βρανάς,
1472 2655 1530 2724 ὅτι

251 2779 451 2868 εἰσέρχονται
479 2779 509 2846 οἱ
537 2784 674 2868 μοναχοί
697 2779 742 2854 τίς
765 2783 800 2846 τύ
825 2777 913 2866 ὄρος,
949 2778 1025 2868 ὅπερ
1047 2781 1268 2868 περιείληπται
1295 2779 1326 2846 έν
1348 2779 1392 2871 τῷ
1421 2777 1529 2848 αὐτοῦ

250 2903 416 2991 πρακτικῷ
438 2908 532 2991 χάριν
555 2905 731 2980 ξολεύσειις
754 2908 810 2970 καί
830 2914 939 2991 νομῆς,
967 2908 1023 2992 καί
1047 2901 1083 2970 ού
1107 2905 1235 2980 διδόασι
1258 2907 1294 2969 τύ
1319 2902 1438 2994 ἀνῆκον
1464 2903 1531 2972 αύ-

252 3039 332 3105 τοίς,
361 3024 437 3113 ὅπερ
465 3025 552 3113 εἶχον
580 3030 753 3114 σονῆδειαν
781 3030 837 3094 καί
860 3025 984 3094 ἐδίδουν
1011 3032 1160 3114 πρότερον
1182 3031 1261 3114 πρύς
1284 3051 1318 3093 τε
1344 3031 1398 3094 τδν
1422 3024 1529 3095 αὐτοῦ

252 3153 422 3238 πενθεράν,
447 3153 499 3216 τύν
525 3155 625 3237 μέγαν
650 3149 769 3216 ἐκεῖνον
794 3152 1012 3236 δροοχγάριον,
1038 3153 1195 3237 καὶπρὸς
1219 3147 1529 3240 αύτύνχδιὰτοῶτο

245 3280 309 3345 ,καί
337 3272 485 3362 ἀφείλετο
514 3273 634 3340 ἐκτῶν
670 3285 820 3364 μοναχῶν
844 3272 861 3339 δ
884 3275 1011 3360 Βρανᾱς
1034 3271 1078 3348 ὣς
1108 3272 1250 3362 ἀμάχιον
1274 3279 1314 3342 τὰ
1342 3283 1397 3362 τῆς
1421 3285 1530 3362 μονῆς

251 3400 397 3484 πρόβατα
420 3403 476 3462 καί
500 3397 584 3464 ἄλλα
608 3402 687 3480 τινὰ,
711 3399 883 3484 διορίζεταί
906 3421 958 3464 σοι
979 3395 1000 3489 ἡ
1025 3400 1174 3483 βασιλεία
1198 3416 1269 3486 μσο,
1294 3395 1337 3471 ύνς
1361 3395 1400 3462 ἂν
1423 3403 1531 3487 τηρῆ-

255 3543 315 3607 σης
344 3517 482 3606 ἀκριβῶς
510 3525 565 3588 καί
588 3526 627 3586 τά
649 3521 720 3608 περὶ
747 3525 868 3600 τούτου,
896 3527 951 3588 καί
970 3520 1036 3588 «ἐὰν
1065 3519 1169 3610 εύρῃς,
1199 3520 1247 3588 ύτι
1273 3523 1460 3610 προεδίδοον
1493 3523 1529 3589 οἱ

254 3647 392 3730 μοναχοί
416 3640 492 3730 ύπέρ
515 3654 571 3730 τῆς
594 3646 743 3732 τοιαύτης
774 3655 873 3735 νομῆς
895 3647 973 3732 πρὸς
996 3649 1050 3711 τὸν
1072 3646 1263 3733 δηλονδέντα
1285 3647 1441 3730 πενθερὰν
1466 3657 1528 3713 τού

245 3765 372 3854 ,Βρανιῆ
398 3765 466 3832 εἶτα
488 3771 545 3834 καί
567 3769 648 3852 πρὸς
670 3764 776 3845 αύτύν,
809 3766 923 3856 ἀρτίως
950 3769 986 3834 δέ
1010 3765 1048 3836 ού
1071 3772 1249 3850 πείθονται,
1278 3773 1364 3836 κατά
1387 3771 1443 3856 τῆν
1467 3767 1529 3836 αύ-

191 3932 197 3942 ·
254 3901 314 3956 τῶν
342 3893 516 3978 σονῆθιιαν
545 3891 668 3956 διδόναι
695 3895 731 3958 τύ
767 3889 887 3979 ἀνῆκον
921 3889 1044 3974 αὐτοῖς,
1080 3891 1296 3980 οίκονομῆσῃς
1331 3891 1529 3962 ἀποδιδόναι

256 4011 351 4088 αύδις
375 4015 448 4088 τούς
476 4016 639 4102 μοναχούς
661 4018 697 4080 τύ
733 4021 923 4103 τεταγμένον
950 4013 1065 4090 αύτοῖς.
1095 4016 1122 4082 εί
1150 4018 1186 4082 δέ
1216 4028 1300 4106 φανῇ
1328 4020 1410 4104 μετὰ
1438 4017 1527 4105 ἀλη-

254 4141 336 4211 θοῦς
368 4136 550 4216 ἐξετάσεως,
582 4135 631 4204 ὅτι
658 4135 808 4206 οὐδέποτε
836 4139 924 4226 εἶχον
952 4143 1125 4228 συνήθειαν
1152 4139 1182 4206 οἱ
1208 4148 1345 4206 τοιοῦτοι
1371 4147 1526 4229 μοναχοί,

254 4259 307 4326 ἵνα
323 4261 434 4326 διδῶσί
457 4285 486 4326 τι
508 4260 617 4328 ἕνεκεν
640 4271 698 4350 τῆς
713 4271 812 4350 νομῆς
835 4273 890 4331 τού
914 4259 1017 4350 ὄρους,
1034 4264 1245 4354 δερενδεύοῃς
1268 4263 1325 4330 καί
1349 4263 1400 4330 έπί
1422 4267 1527 4352 τούτῳ

257 4381 381 4463 αύτούς,
404 4383 458 4451 ἵνα
474 4387 647 4471 διαμένωσι
670 4387 706 4451 τύ
730 4385 793 4452 ἀπδ
809 4387 902 4452 τοῦδε
926 4384 1134 4476 ἀνενύχλητοι
1159 4389 1192 4463 έξ
1219 4383 1327 4467 αὐτοῦ,
1351 4387 1529 4478 οἰκονομη-

258 4531 318 4595 σῃς
334 4506 582 4598 ἀντιστραρῆναι
600 4514 685 4598 παρὰ
709 4512 819 4578 τούτου
835 4513 912 4598 πρὸς
937 4507 1051 4585 αύτούς
1067 4517 1124 4580 καί
1147 4517 1185 4579 τὰ
1208 4515 1352 4600 πρόβατα
1367 4518 1426 4581 καί
1442 4513 1524 4580 ἄλλο
