3168 5274
267 266 333 338 3⁷4

270 459 427 546 βασιλικιβ
455 459 683 547 χρυσοβοόλλιρ
711 459 797 544 λόγιρ
825 463 884 525 καί
905 457 1103 539 σιγιλλιιόδις
1132 453 1304 544 ὑπόμνημα
1331 457 1447 543 ταύτης
1477 475 1538 520 πα-

269 585 454 670 ρασχίσθαι
481 579 579 670 αύτῷ,
614 579 658 657 ὣς
693 581 731 648 ἀν
768 587 891 670 μένοιεν
926 580 1158 648 ἀναπόσπαστα
1190 585 1247 645 καὶ
1276 577 1469 646 ἀδιοίσειστα
1501 582 1540 642 τά

267 709 425 792 προσόντα
447 717 486 794 τῆ
510 708 641 793 τοιαύτη
671 717 752 794 μονῆ
780 710 883 772 πάντα
906 709 1019 793 κινητά
1041 709 1098 771 καί
1126 702 1263 790 ἀκίνητα
1290 707 1346 769 καί
1374 705 1415 766 τά
1436 723 1540 788 προα-

267 832 454 916 κυρωθίντα
491 831 579 915 παρὰ
612 837 672 894 τόν
712 825 848 910 εὐγενῶν
879 827 1055 916 Κομνηνύιν
1090 832 1146 892 καί
1184 831 1345 914 κτητόρων
1381 824 1415 890 δν
1453 820 1538 912 αὐτῆ

268 955 428 1040 κτήματα,
452 950 543 1018 ἅτινοί
567 949 635 1017 ἐστι
658 962 768 1018 ταῦτα·
792 955 828 1017 τό
852 955 979 1032 γονικόν
1003 947 1101 1016 αὐτού
1124 959 1234 1038 κτῆμα
1255 947 1276 1038 ἡ
1301 949 1405 1016 ἐπάνω
1428 949 1536 1034 Δρυα-

268 1077 418 1160 νούβαινα
435 1075 479 1150 εἰς
494 1075 532 1163 ῆν
550 1073 709 1164 ἀνεγέρθη
725 1080 781 1141 καί
802 1072 823 1164 ἡ
848 1077 927 1163 μονῆ
953 1077 995 1162 τῷ
1017 1075 1185 1162 προδρόμιρ
1208 1071 1229 1162 ἡ
1253 1079 1310 1139 καί
1332 1071 1402 1140 Νόα
1425 1073 1538 1158 Πὲτρα

267 1199 436 1287 λεγομένη.
453 1200 509 1264 σδν
527 1193 608 1288 αύτῆ
624 1204 680 1264 καί
695 1196 715 1288 ἡ
733 1201 821 1264 κόπω
837 1198 1075 1285 Δρυανούβαινα
1091 1202 1171 1286 μττά
1185 1201 1309 1265 πάντων
1325 1208 1385 1263 τῶν
1401 1197 1537 1262 δικαίων

266 1327 323 1387 καί
344 1327 522 1409 προνομίαν
539 1319 650 1403 αὐτῶν,
675 1331 734 1409 γῆς
751 1320 874 1410 όρεινῆς
897 1325 952 1388 καί
967 1324 1106 1409 πεδινῆς,
1132 1320 1326 1409 ἀμπελώνων
1341 1325 1398 1388 καί
1422 1343 1537 1407 χωρα·

267 1450 346 1534 ιρίων
362 1448 445 1529 [καί]
464 1448 603 1532 μολικιῖιν
624 1445 848 1533 δργαστηρίυν.
870 1450 909 1510 τά
926 1451 996 1532 τρία
1012 1449 1149 1534 μετόχια
1164 1448 1280 1533 ταύτης
1297 1442 1330 1508 ἐν
1345 1455 1384 1532 τῆ
1401 1447 1535 1530 τοιαύτη

267 1569 515 1657 Δρυανουβαίνη,
542 1567 563 1658 ἡ
588 1567 742 1656 ύπεραγία
765 1566 966 1658 θεοτόκοςὴ
995 1569 1178 1656 Πυρταρόα,
1203 1565 1220 1634 δ
1244 1565 1336 1649 ἀγισς
1358 1565 1534 1644 Νικόλαος,

266 1696 303 1760 τό
325 1694 547 1779 ίπιλεγόμενον
570 1701 624 1758 τού
648 1693 892 1780 Παλιρροποίτου
915 1699 972 1760 καί
994 1697 1030 1758 τό
1053 1691 1161 1779 ἕτερον
1185 1695 1221 1758 τό
1236 1697 1294 1758 καί
1316 1691 1362 1766 είς
1386 1688 1465 1758 αύτό
1492 1690 1534 1764 είς

267 1814 369 1904 ὄνομα
392 1825 448 1905 τῆς
471 1813 646 1902 ύπεραγίας
670 1820 829 1882 θεοτόκου
852 1822 1027 1904 τιμώμενον
1050 1822 1107 1883 καί
1134 1819 1306 1903 λεγόμενον
1329 1813 1534 1902 Ἦσυχαστῆ-

267 1961 347 2029 ριον,
376 1938 452 2028 ὅπερ
485 1945 542 2007 καί
563 1939 606 2016 ὡς
628 1944 858 2028 πατριαρχικόν
893 1943 1016 2028 δωρεάν
1038 1952 1077 2028 τῆ
1107 1943 1237 2027 τοιαύτη
1262 1942 1424 2025 σεβασμίορ
1451 1949 1533 2024 μονῇ

266 2075 322 2132 τού
355 2065 544 2153 Πρυδρόμου
577 2067 655 2150 πρός
691 2074 747 2151 τῆς
783 2061 872 2152 ἡμῶν
912 2068 1114 2152 μετριότητος
1151 2065 1414 2152 προσκεκύρωται
1453 2065 1532 2148 μετὰ

265 2193 389 2256 πάντων
416 2197 478 2254 τῶν
506 2189 637 2254 δικαίων
664 2193 721 2254 καί
743 2193 921 2274 προνομίαν
946 2183 1058 2268 αότοδ,
1087 2197 1145 2276 γῆς
1169 2187 1291 2273 όρεινῆς
1313 2191 1369 2253 καί
1392 2188 1532 2274 πεδινῆς,

267 2311 459 2399 ἀμπελώνων
487 2313 543 2376 καί
576 2316 762 2400 χωραρίων,
798 2317 955 2412 χερσαίας
983 2321 1042 2398 γῆς
1070 2316 1127 2378 καί
1160 2322 1221 2378 τῶν
1254 2313 1532 2398 προσκαθημένων

267 2431 300 2500 όν
329 2431 410 2522 αότῆ
439 2433 614 2520 ἀνθρώπων
642 2440 698 2500 καὶ
724 2441 880 2500 παντοίων
908 2445 1043 2522 κινητῶν
1071 2433 1128 2500 καὶ
1156 2433 1311 2522 ἀκινῆτων
1338 2439 1531 2521 πραγμάτων

269 2553 376 2624 αὐτοῦ.
405 2559 444 2622 τά
468 2555 501 2632 ἐς
530 2555 706 2644 ἀγορασίας
740 2562 826 2644 παρὰ
849 2567 904 2622 τοῦ
932 2557 1102 2644 Κομνηνού
1137 2563 1193 2624 καί
1216 2561 1371 2646 κτῆτυρος
1405 2559 1531 2644 περιελ-
1579 2587 1580 2602 ι

267 2685 370 2748 θόντα
397 2692 437 2768 τῆ
463 2681 650 2768 δηλωθείση
680 2683 842 2768 σεβασμίη
868 2693 1085 2770 πατριαρχικῆ
1115 2693 1195 2769 μονῆ
1224 2679 1363 2768 ἀμπόλια
1386 2687 1444 2748 καί
1467 2703 1532 2768 χω·

270 2809 384 2896 ράρια,
419 2803 582 2892 οἰκήματα
609 2808 665 2869 καί
697 2805 863 2891 περιβόλια
889 2811 946 2872 καί
973 2807 1029 2872 δύο
1066 2807 1185 2893 μυλικά
1213 2804 1408 2892 ἐργαστήρια
1436 2803 1469 2869 ἐν
1495 2817 1532 2891 τῆ

269 2931 400 3015 τοιαύτη
426 2927 674 3018 Δρυανουβαίνη.
704 2925 853 3003 ὡσαύτως
873 2934 929 2994 καί
957 2933 997 2995 τά
1028 2930 1061 2995 όν
1084 2929 1128 3016 τῷ
1148 2929 1326 3012 Βελεστίνιμ
1356 2927 1390 3005 ἐξ
1415 2927 1534 3014 ἀγορα-

270 3057 343 3126 σίας
372 3049 457 3138 αύτῷ
483 3052 696 3139 περιελθόντα
723 3048 863 3138 ἀμπέλια
889 3057 946 3118 καί
974 3055 1009 3118 τό
1039 3055 1260 3140 ίευγηλαττῖον
1288 3055 1323 3118 τό
1352 3051 1390 3117 ὲκ
1418 3075 1534 3139 προστ-

269 3177 381 3253 νίξειυς
406 3175 577 3262 περιελθὸν
601 3174 699 3262 αύτῷ,
726 3171 824 3262 ἤγουν
851 3172 872 3263 ῆ
901 3174 1054 3262 ἀρόσιμος
1082 3187 1123 3264 γῆ
1151 3187 1211 3242 τῶν
1234 3177 1395 3264 Βραστιῖιν.
1426 3175 1530 3262 ἐπειδη

270 3305 374 3366 τοίνυν
407 3301 443 3364 τό
471 3307 526 3364 τού
554 3303 724 3386 κρατίστου
758 3302 815 3363 καὶ
848 3301 1044 3388 θεοστεφούς
1079 3298 1172 3380 ἀγίου
1207 3321 1267 3387 μου
1301 3295 1532 3386 αύτοκροίτοροτ

272 3425 386 3490 σεπτόν
414 3423 651 3508 χροσόβουλλον
675 3419 723 3487 ὑπ’
747 3419 817 3508 ὄψιν
844 3419 929 3509 ἦλθε
954 3432 1011 3510 τῆς
1032 3419 1121 3511 ἡμῶν
1145 3427 1358 3512 μετριότητος,
1386 3429 1442 3488 καὶ
1468 3423 1531 3487 ἔδει

272 3545 463 3620 ἀκολούθως
498 3543 549 3610 ἐπὶ
571 3546 670 3630 τούτιρ
699 3547 855 3632 προβῆναι
883 3543 941 3610 καὶ
975 3547 1170 3626 σιγιλλιῶδες
1202 3543 1373 3634 ύπόμνημα
1408 3551 1528 3632 ταύτης,

272 3671 316 3758 μὴ
349 3668 528 3756 παριδοῦσα
566 3669 621 3755 τῆν
656 3679 717 3733 τῶν
751 3665 884 3749 εόγινῶν
932 3670 1104 3754 βασιλικῶν
1141 3681 1322 3758 πρυσγινῶν
1360 3671 1529 3758 Κομνηνύν

269 3797 327 3860 καί
348 3796 510 3880 κτητόρων
535 3790 659 3879 αἴτησιν
681 3787 702 3882 ἡ
726 3795 894 3878 μετριότης
916 3788 1006 3880 ἡμῶν
1030 3792 1073 3867 ὡς
1098 3794 1262 3880 λπαινετῆν
1277 3797 1334 3860 καί
1356 3797 1450 3882 φίλην
1465 3793 1527 3877 θεῷ

270 3929 310 4005 τῆ
332 3921 418 4002 ταρά
445 3924 500 3981 τού
528 3919 684 3995 παναγίου
710 3917 887 4002 πνεύματος
910 3916 1047 4002 δοθείση
1072 3912 1152 4005 αότῆ
1177 3914 1375 4007 ἀποστολικῆ
1411 3917 1530 4000 ἐξουσία

270 4040 327 4110 καί
350 4043 457 4127 χάριτι
480 4040 711 4117 διακελεύεται,
735 4035 779 4113 ύις
802 4037 840 4104 ἀν
863 4043 966 4104 πάντα
990 4044 1029 4104 τά
1051 4045 1212 4128 προσόντα
1235 4045 1385 4129 κτῆματα
1408 4055 1446 4130 τῇ
1471 4063 1528 4106 τοι·

271 4168 351 4250 αύτη
377 4165 537 4249 σεβασμίη
559 4173 775 4251 πατριαρχικῆ
797 4163 997 4252 προδρορικῆ
1021 4175 1103 4252 μονῆ
1126 4177 1165 4252 τῆ
1188 4163 1259 4251 Νὲα
1281 4165 1390 4251 Πειρη
1406 4169 1525 4252 μόνιμα,

269 4285 435 4372 ἀλιύθερα,
461 4284 677 4374 ἀνενόχλητα,
702 4285 933 4353 ἀναπόσπαστα
957 4288 1006 4374 εἴη
1026 4293 1139 4376 πάντη,
1164 4288 1393 4377 ἀκαταζῆτητοί
1419 4285 1525 4354 τεκαὶ

270 4409 476 4498 ἀναφαίριτα,
511 4413 618 4497 πόσης
645 4413 701 4475 καί
727 4415 880 4484 παντοίας
904 4409 1051 4498 ἀμέτοχα
1086 4411 1231 4488 ἐξουσίας
1264 4417 1321 4478 καί
1350 4415 1523 4488 διαστίξευς

268 4533 326 4607 καί
354 4534 511 4622 μηδεμίαν
537 4537 624 4620 παρά
651 4553 735 4607 τινος
758 4535 882 4620 βλάβην
910 4531 1105 4623 ύρὶστασθαι
1128 4533 1148 4623 ἢ
1173 4538 1288 4624 ταύτην
1312 4535 1333 4626 ἣ
1357 4541 1396 4602 τά
1417 4535 1522 4621 ἑαυτῆς

269 4661 432 4753 κτῆματα,
459 4655 558 4748 ἤγουν
582 4659 617 4726 τό
642 4659 769 4740 γονικάν
792 4665 899 4750 κτῆμα
928 4669 988 4724 τῶν
1011 4658 1185 4752 Κομνηνιῖιν
1205 4666 1265 4728 καί
1291 4659 1519 4752 κτητόραντῆν
