3238 5282
169 273 172 282 ¹
291 269 355 334 428

292 461 498 547 δηλωθέντος
520 463 810 540 πανευγεντστάτου
833 461 1004 549 Κομνηνού
1028 473 1083 528 τού
1106 462 1327 549 Μαλιασηνού,
1351 468 1406 524 τού
1428 461 1483 524 διὰ
1509 467 1565 524 τού

292 581 386 662 ἀγίου
410 589 466 648 καί
490 582 664 664 ἀγγελικού
682 589 851 672 σχήματος
875 586 1013 675 Ἰωάσαφ
1036 583 1343 672 μετονομασθέντος,
1368 581 1444 670 ύπὲρ
1468 589 1564 671 ψυχι-

291 717 350 792 κῆς
375 714 532 794 σωτηρίας
555 718 611 773 τού
636 708 783 795 ἀοιδίμου
806 715 863 774 καί
887 709 1118 798 ἀγιοκοιμητοο
1141 714 1259 795 πατρὸς
1284 705 1391 786 αύτού,
1417 709 1504 772 ἀλλά
1529 709 1564 770 δὲ

290 835 345 896 καί
374 828 450 916 ύπέρ
480 841 535 918 τῆς
560 837 666 919 ψυχῆς
690 829 798 912 αύτού,
824 831 860 898 ού
886 839 982 921 μόνον
1010 836 1045 899 δέ
1070 830 1157 899 ούτοι
1181 833 1347 920 ἐδόθησαν
1371 833 1417 905 εὶς
1440 835 1476 896 τὸ
1502 855 1563 917 μο-

290 957 388 1019 νίδιον
416 960 504 1041 παρὰ
531 965 587 1021 τού
621 963 911 1036 παντυγτνεστοίτου
934 957 1120 1045 Κομνηνού,
1145 957 1230 1023 ἀλλὰ
1253 963 1310 1022 καί
1332 954 1353 1043 ἡ
1377 961 1563 1042 χωραφιαία

291 1087 332 1164 γῆ
356 1075 376 1166 ἡ
402 1077 464 1142 ἀπὸ
489 1081 632 1165 τούμπας
656 1081 702 1154 τίς
723 1085 864 1167 τούμπαν
889 1087 945 1146 καί
969 1085 1004 1147 τύ
1028 1077 1111 1167 ύδωρ
1136 1084 1170 1148 τό
1190 1085 1276 1146 κατὰ
1300 1082 1437 1168 τετράδα
1461 1079 1567 1165 εἰσερ-

290 1207 430 1289 χόμενον
465 1202 510 1276 εὶς
545 1207 580 1268 τύ
616 1203 720 1270 ἐκεῖσε
757 1204 1161 1292 ἀμπελοκηποπεριβόλιον.
1196 1209 1254 1270 καί
1288 1214 1389 1270 ταῦτα
1424 1209 1482 1290 μὲν
1519 1203 1566 1276 εἰς

291 1325 467 1413 ἐνθύμησιν
492 1323 692 1414 εὑρίσκονταί
716 1352 783 1415 μοι,
813 1326 861 1393 δτι
885 1329 1050 1416 ἐδόθησαν
1078 1333 1164 1416 παρὰ
1188 1339 1243 1395 τού
1266 1332 1566 1407 πανευγεντστάτου

289 1450 475 1537 Κομνηνού,
511 1455 551 1516 τά
579 1452 614 1515 δὲ
644 1453 686 1538 μὴ
723 1451 768 1525 εὶς
798 1449 971 1539 ἐνθύμησιν
1009 1458 1117 1538 μυρία,
1148 1452 1209 1518 είσί
1236 1453 1273 1516 δὲ
1302 1450 1334 1516 ἐν
1362 1452 1405 1538 τῷ
1426 1461 1565 1536 τοιούτῳ

292 1577 421 1661 μονιδίῳ
446 1573 551 1659 βοΐδια
575 1578 767 1661 ζευγνύμινα
792 1581 942 1662 τέσσαρα,
967 1575 1176 1662 δνομουλικόν
1201 1577 1244 1654 ἔν,
1269 1574 1362 1640 ύνικά
1385 1577 1457 1655 δύο,
1482 1579 1566 1660 πρύ-

294 1701 377 1780 βατα
412 1697 651 1786 ἑβδομήκοντα,
686 1695 869 1786 ύδρομύλων
903 1697 1034 1786 ἥμισυς,
1073 1701 1108 1774 δς
1143 1699 1246 1786 ἐδόθη
1281 1699 1326 1774 είς
1359 1702 1394 1764 τὸ
1423 1700 1570 1786 μονίδιον

291 1825 378 1898 παρὰ
407 1831 461 1887 τού
491 1832 635 1909 μοναχού
659 1821 775 1902 Τεντᾱ,
805 1821 822 1888 ύ
846 1821 873 1887 δ’
903 1821 1018 1910 ἥμισυς
1045 1827 1132 1910 παρὰ
1160 1832 1215 1888 τού
1244 1825 1389 1888 τοιούτοιν
1418 1831 1568 1908 μοναχού

291 1951 465 2032 κατέχεται
501 1951 597 2032 μέχρι
623 1950 680 2012 καί
714 1957 769 2033 τῆς
800 1944 1007 2030 ἀποβιύσεως
1039 1943 1151 2028 αότού,
1188 1947 1298 2012 ἔκτοτε
1326 1948 1362 2012 δὲ
1389 1945 1443 2012 ἵνα
1472 1946 1522 2010 ἔνι
1551 1943 1568 2010 δ

292 2069 377 2142 ἅπας
405 2067 589 2156 ύδρομύλων
616 2078 672 2135 τού
703 2072 860 2156 μυνιδίου,
889 2073 1003 2144 καθὼς
1026 2075 1083 2136 καί
1106 2073 1141 2136 τὸ
1165 2071 1328 2159 ἔγγραφον
1351 2072 1463 2136 τούτου
1489 2071 1566 2136 δια-

290 2194 462 2278 λαμβάνει,
489 2191 543 2258 ίνα
570 2195 606 2258 δέ
630 2199 830 2279 κατέχονται
861 2193 1026 2280 ἀμφότερα
1053 2197 1140 2280 παρὰ
1163 2203 1218 2259 τού
1255 2195 1397 2280 μονιδίοο
1432 2193 1567 2259 ἐπισκε-

288 2320 429 2402 πτόμενα
456 2320 542 2402 παρά
566 2327 621 2404 τῆς
650 2319 794 2403 μεγάλης
822 2322 880 2380 καί
907 2319 1084 2404 σεβασμίας
1111 2321 1350 2405 θεομητορικῆς
1378 2327 1479 2404 μονῆς
1508 2327 1567 2404 τῆς

289 2440 414 2516 Ὀἐείας
437 2435 653 2526 Ἐπισκέψεως
676 2446 733 2505 καί
757 2437 838 2504 ούτω
862 2439 1065 2528 καλουμένης
1084 2440 1346 2528 Μακρινιτίσσης,
1373 2443 1443 2525 βίαν
1466 2443 1505 2505 δὲ
1531 2439 1564 2514 ἐς

289 2561 418 2650 ὕστερον
447 2563 467 2652 ἢ
504 2565 683 2650 μετάμελον
710 2563 730 2652 ἢ
760 2565 963 2651 συναρπαγήν
998 2569 1054 2630 καί
1086 2562 1209 2651 ἀπάτην
1239 2561 1275 2629 ού
1312 2566 1566 2652 βουληθήσομαι

289 2689 402 2769 ἔγωγε·
432 2687 470 2753 ἐκ
498 2699 553 2776 της
578 2692 737 2774 ἀχράντου
766 2693 826 2772 γὰρ
851 2689 1021 2776 δεσποίνης
1043 2685 1132 2776 ἡμῶν
1160 2692 1320 2754 θεοτόκου
1343 2699 1399 2775 της
1425 2693 1559 2776 μορφώ-

290 2837 371 2888 σεως
400 2816 453 2878 τόν
481 2813 636 2878 κόνδυλον
670 2822 726 2900 τῆς
753 2823 916 2900 προταγης
945 2835 1005 2898 μου
1042 2811 1170 2900 ἀφεῖλον
1203 2815 1261 2878 καί
1296 2813 1328 2877 ἔν
1353 2811 1395 2899 τῷ
1429 2815 1564 2898 μονιδίτρ

289 2938 477 3024 είσεκόμισα
493 2939 548 3024 τήν
565 2939 714 3024 τοιαύτην
730 2941 979 3024 κεκοσμημένην
1001 2935 1159 3023 ἄχραντον
1177 2935 1287 3002 εἰκόνα
1302 2938 1357 3002 διὰ
1372 2937 1563 3022 πλειοτέραν

289 3064 460 3146 βεβαίωσιν
488 3066 545 3126 καί
574 3060 766 3150 ἀσφάλειαν,
802 3059 918 3149 δφείλω
947 3062 983 3126 δὲ
1010 3064 1155 3147 παρέξειν
1189 3063 1284 3126 πάλιν
1313 3061 1414 3142 ἔγωγε
1450 3060 1562 3146 ἑτέραν

287 3184 399 3250 εἰκόνα
427 3184 471 3258 τίς
500 3181 603 3270 ὄνομα
638 3189 815 3272 τιμωμένην
844 3194 900 3272 τῆς
929 3182 1101 3270 ύπεραγίας
1135 3187 1294 3250 θεοτόκου
1323 3183 1384 3251 ἀπό
1413 3187 1559 3250 τοιούτου

288 3311 430 3394 μονιδίου
457 3313 535 3395 πρὸς
564 3311 619 3396 την
648 3311 791 3396 μεγάλην
819 3314 876 3374 καί
904 3311 1081 3396 σεβασμίαν
1110 3311 1349 3396 θεομητορικήν
1379 3311 1478 3396 μονὴν
1504 3309 1558 3394 την

286 3431 407 3506 Ὀξεῐαν
429 3430 624 3520 Ἑπίσκεψιν,
645 3431 702 3498 καί
718 3429 817 3506 ούτως
834 3431 1072 3520 δνομαίομίνην
1089 3432 1349 3520 Μακρινίτισσαν,
1374 3431 1465 3498 καίδ
1490 3455 1556 3498 πει-

287 3521 511 3644 ραθησύμενος
538 3559 617 3641 πρὸς
645 3555 824 3642 ἀνατροπὴν
848 3561 905 3622 καί
940 3555 1094 3644 ἀθέτησιν
1124 3567 1178 3622 τοῦ
1206 3561 1363 3642 παρόντος
1391 3557 1556 3642 ἐγγράφου

287 3701 348 3766 μου
384 3689 521 3766 μερικῶς
549 3679 741 3768 ἦκαθύλου
775 3679 795 3768 ἢ
827 3682 1068 3768 βουληθήσετοιί
1102 3705 1147 3754 τις
1174 3691 1306 3769 ποιησαι
1341 3683 1376 3745 τύ
1412 3689 1555 3746 τοιοῦτον

289 3805 428 3888 μονίδιον
462 3807 570 3890 κύριον
605 3807 815 3890 μοναστήριον
844 3807 900 3868 καί
933 3805 976 3891 μὴ
1012 3803 1092 3870 εἶναι
1120 3809 1270 3892 μετόχιον
1299 3815 1354 3891 τῆς
1381 3805 1555 3889 πολλαχῶς

286 3929 486 4016 δηλουμένης
513 3929 657 4014 μεγάλης
684 3931 741 3992 καὶ
764 3929 945 4014 σεβασμίας
969 3931 1206 4015 θεομητορικῆς
1230 3937 1329 4015 μονῆς
1352 3939 1407 4014 τῆς
1431 3927 1554 4003 Ὀξείας

287 4049 515 4137 Ἐπισκέψιως,
545 4049 653 4125 δποῐος
677 4049 742 4137 ἄρα
765 4056 822 4116 καί
845 4050 909 4138 εἴη’,
934 4050 987 4116 ἵνα
1011 4053 1181 4118 ἐπισπᾶται
1205 4051 1249 4126 τίς
1273 4050 1386 4116 ἑαυτὸν
1410 4055 1467 4124 τὰς
1491 4061 1551 4114 τίον

289 4173 342 4240 ἀπ’
371 4172 490 4240 αίύνων
518 4177 641 4240 πάντων
666 4171 764 4255 ἁγίων
789 4173 868 4260 ἀρὰς
891 4185 951 4240 τῶν
974 4175 1161 4260 τριακοσίων
1186 4177 1345 4241 δέκακαὶ
1369 4174 1453 4240 όκτιύ
1477 4177 1554 4240 θεο-

285 4303 389 4388 φόρων
421 4297 567 4385 πατέρων
603 4309 662 4364 τῶν
691 4298 723 4364 έν
756 4298 879 4384 Νικαίφ
909 4303 965 4365 καί
992 4301 1047 4386 τὴν
1082 4297 1291 4385 ἀλλοτρίωσιν
1320 4308 1375 4364 τού
1411 4307 1553 4383 σωτῆρος

287 4424 437 4510 Χριστοῦ,
462 4429 518 4490 καί
541 4419 668 4512 ἡμερὶς
692 4418 788 4488 αύτού
813 4423 902 4489 ἔσται
920 4427 1001 4510 μετὰ
1024 4432 1078 4488 τοῦ
1102 4421 1217 4502 Ἰούδα,
1242 4421 1326 4487 ἀλλὰ
1350 4423 1389 4508 δὴ
1412 4421 1466 4488 ἵνα
1490 4421 1553 4506 ἔχη

292 4547 453 4615 ἀντίδικον
476 4553 533 4614 καί
556 4549 611 4634 τήν
629 4543 800 4634 ύπεραγίαν
824 4551 991 4628 θεοτόκον,
1017 4547 1062 4622 τίς
1085 4547 1123 4634 ἣν
1140 4545 1356 4634 ἐπωμοσάμην
1380 4551 1449 4636 καὶι
1464 4545 1553 4633 ἀφεῖ-

290 4674 345 4736 λον
368 4675 421 4736 τόν
444 4673 598 4738 κόνδυλον
627 4679 684 4758 τῆς
706 4682 869 4760 προταγης
893 4694 954 4758 μου
978 4672 1014 4736 ἐκ
1038 4681 1093 4758 τῆς
1122 4669 1282 4758 ἀχράντου
1299 4668 1396 4758 αύτης
1421 4675 1551 4756 μορφῆς,
