3168 5274
1283 237 1347 301 355

78 437 126 496 καί
154 433 332 506 ἐπιδόσεως
361 438 415 497 καί
446 437 480 498 τί
506 431 764 520 ἀπαρενόχλητον
789 439 845 500 καί
862 433 1064 500 ἀδιάσειστον
1093 435 1207 500 τούτων
1236 436 1341 510 ποθεῖ,

77 560 125 619 καί
151 560 256 622 πάντα
278 559 374 620 πόνον
398 553 475 640 ι’νπίρ
500 559 611 622 τοότοο
635 552 815 646 ὑφίσταται,
840 557 907 622 ἐπεί
931 563 1018 636 τοίγε
1042 559 1098 622 καί
1121 554 1138 621 6
1164 577 1341 645 μνημονεοφ

77 683 140 754 δείς
168 684 282 746 τσότοο
304 683 406 768 πατηρ
430 679 447 746 6
472 687 651 769 μακαρίτης
680 681 799 758 ίκεῖνος
822 683 998 769 πάμπολλα
1023 682 1141 768 ἔκαμε,
1169 683 1342 768 πάμπολλα

77 807 265 870 κεκοπίακεν
286 801 362 890 όπίρ
383 813 438 871 τοῦ
454 807 509 892 τῆν
534 808 632 893 μονῆν
655 818 868 894 καταστῆσαι,
886 805 993 880 άπλῶς
1016 811 1123 896 φάναι,
1148 806 1194 880 είς
1209 803 1227 872 6'
1244 807 1345 885 ἔστιν,

79 927 140 992 ἀλλ’
172 927 242 1005 ἐξόν
270 937 362 994 τοῦτο
391 933 576 1016 γνιοσδῆναι
599 928 631 995 ίν
654 942 718 1004 τοῖς
740 943 983 1017 πατριδιρχικοῐς
1011 921 1224 1018 όμρτρόμενον
1259 927 1338 997 ὁπο-

79 1055 248 1138 μνήμασιν·
274 1050 366 1128 οότος
389 1050 415 1119 δ’
434 1049 488 1119 σίν
512 1051 529 1120 6
553 1053 585 1120 ίν
602 1055 708 1142 ἔργοις
732 1057 910 1142 θεαρόστοο
933 1057 1050 1140 πατρός
1073 1057 1251 1140 θεάρτστοτ
1274 1054 1341 1129 οίός

21 1163 22 1218 Ᾰ
78 1175 281 1263 όδεάρεστα
308 1181 364 1244 καί
391 1161 621 1266 βουλευόμενος
648 1183 705 1244 καί
733 1179 1004 1264 διαπραττόμενος
1031 1182 1088 1242 καί
1120 1179 1260 1244 σπειίδοιν
1298 1181 1341 1266 μῆ

20 1299 21 1384 3
78 1299 244 1388 ἀπαλεῖψαι
270 1309 327 1388 τῆς
354 1311 507 1388 πατρικῆς
535 1303 675 1390 σπονδῆς
704 1299 736 1367 ίν
763 1315 828 1376 τοῖς
856 1302 924 1388 θιηί
951 1302 1152 1388 διαφόροοσι,
1188 1313 1262 1368 ποία
1286 1305 1341 1388 τῆν

77 1420 158 1511 ἡμῶν
188 1419 226 1488 τό
254 1426 492 1512 παρτκλῆτεοσε
527 1430 732 1514 μετριότητα,
766 1431 853 1495 πόσα
881 1423 917 1492 οὐ
949 1431 1180 1494 καθικίτεοσεν
1208 1429 1244 1492 τό
1271 1432 1341 1512 περί

19 1625 21 1636 ρ
78 1559 127 1614 τοῦ
162 1551 383 1636 ίπορτχδῆναι
417 1553 513 1636 μόνον
548 1561 588 1638 τῆ
621 1562 702 1638 μονῆ
737 1551 849 1636 ταόιη·
871 1555 927 1616 καί
960 1547 1126 1638 ἡμεπαδόν
1161 1547 1342 1638 ὑπόμνημα,

19 1655 21 1798 6
79 1671 156 1737 ἀλλὰ
179 1677 238 1738 καί
259 1671 330 1758 περὶ
352 1681 408 1760 τῆς
432 1681 488 1739 τοῦ
510 1669 688 1761 ἡγοομίνοο
712 1671 850 1760 ἐκλογῆς
878 1677 934 1738 καί
958 1675 1075 1750 τάξεως
1101 1675 1200 1740 πολόν
1223 1677 1340 1760 παρεξ-

19 1801 20 1852 ι
79 1801 171 1860 ίτεινε
198 1799 253 1862 τόν
277 1795 397 1862 ἱκίσιον
421 1801 503 1884 μιτίι
524 1799 649 1886 θερμῆς
671 1801 727 1864 καί
751 1801 887 1884 ζεσάσης
916 1795 1016 1886 ὁρμῆς
1044 1795 1212 1884 ἠντιβόλει,
1242 1797 1343 1876 ἐξελι-

18 1929 21 2036 Ι
79 1925 157 2006 κάρη
185 1927 284 2006 πόρος
312 1929 367 2008 τῆς
396 1919 519 1996 ἱκεσίοις
541 1921 628 1990 ίδείν.
657 1917 728 1988 ἀλλ’
754 1919 846 1996 οὗτος
871 1926 927 2008 μίν
956 1931 1088 1990 τοιαῦτα
1111 1925 1166 2010 τῆν
1190 1922 1235 1996 είς
1261 1923 1340 1988 θεόν

18 2037 20 2090 ί
79 2041 201 2131 ἀγάπην
229 2045 353 2119 δεικνός
377 2047 433 2134 τῆν
461 2042 569 2128 αὐτοῦ,
604 2042 685 2132 ἡδί
707 2049 871 2134 μετριότης
894 2041 983 2132 ἡμῶν
1018 2055 1074 2133 τῆς
1100 2044 1230 2133 τίγαδῆς
1258 2067 1340 2132 προ-

77 2171 198 2244 δόσεις
230 2167 452 2258 ἁποδείαμίνη
480 2173 533 2236 τόν
569 2168 671 2256 ἄνδρα
698 2173 754 2236 καί
788 2171 843 2256 τῆν
873 2165 970 2236 αὐτοῦ
1003 2171 1183 2256 θεάρεστον
1219 2169 1341 2236 ἱκεσίαν

17 2273 18 2336 ί
77 2295 252 2380 πληροῦσα,
280 2297 315 2359 τό
338 2295 439 2379 παρόν
461 2302 519 2380 τῆς
546 2295 730 2382 καδολικῆς
758 2293 945 2379 ίλεινδερίας
969 2291 1133 2380 ἐκτίθησιν
1161 2291 1340 2382 ὑπόμνημα,

79 2418 113 2481 δι’
139 2413 177 2482 οὗ
203 2423 261 2482 καί
287 2415 320 2482 ίν
348 2415 430 2502 άγίιρ
453 2419 606 2503 πνεόματι
633 2417 806 2503 διορίζεται
833 2420 1031 2482 παντάπασιν
1060 2416 1234 2504 ἐλτοδίραν
1262 2417 1341 2482 εἶναι

17 2503 19 2570 6
79 2545 128 2628 τῆν
156 2565 190 2606 τε
226 2537 381 2629 ῥηθεῖσαν
403 2551 459 2630 τῆς
482 2540 733 2628 Μακρινιτίσσης
760 2543 871 2629 μονῆν,
902 2545 958 2606 καί
985 2543 1020 2606 τό
1048 2543 1164 2630 ταότης
1192 2547 1341 2630 μετόχιον

78 2669 125 2731 τόν
152 2663 245 2747 ἅγιον
272 2666 456 2754 Ὀνοιίρριον
484 2663 528 2740 ὣς
554 2670 772 2753 πατριαρχικοί
799 2671 856 2732 καί
883 2663 968 2762 ὄνταΙ
987 2664 1044 2732 καί
1067 2665 1101 2741 λς
1128 2664 1179 2732 αἰεί
1201 2663 1340 2754 ίσόμενά

16 2745 18 2886 6
77 2813 107 2855 τε
133 2795 190 2856 καί
224 2789 518 2878 δνοματδησόμενα
545 2793 631 2854 κατὰ
665 2794 705 2856 τά
731 2794 890 2876 προσόντα
919 2786 1025 2864 αὐτοῖς
1053 2791 1256 2878 δικαιώματα
1283 2793 1339 2856 καί

16 2889 17 2906 ¹
78 2920 112 2978 τά
137 2918 356 3000 πατριαρχικὰ
388 2910 600 3000 ὑπομνήματα
628 2922 689 2978 τῶν
715 2915 776 2998 πρὸ
800 2909 889 3004 ἡμῶν
918 2910 1100 2993 ἁγιωτάτων
1126 2923 1336 3000 πατριαρχιδν.

16 3031 17 3082 7
78 3033 173 3112 οὐδεὶς
201 3035 256 3104 οὖν
284 3045 344 3102 τῶν
373 3034 518 3104 ἁπάντων
553 3037 615 3103 ιίτε
642 3033 914 3122 ἐκκλησιαστικός
941 3034 962 3124 6
991 3037 1191 3122 δημοσιακός
1214 3034 1234 3122 6
1259 3057 1338 3116 σογ-

76 3163 221 3248 κλητικός
249 3159 270 3248 6
296 3159 457 3228 ἰδιωτικόν
483 3163 651 3246 πρόσωπον
675 3159 830 3246 τολμήσει
855 3163 981 3226 πόποτε
1010 3159 1134 3226 δίκαιόν
1158 3181 1187 3224 τι
1211 3158 1337 3226 ἀνακα-

77 3285 233 3352 λέσασθαι
260 3283 292 3352 ίν
322 3283 442 3364 αότοίς,
478 3282 550 3350 ἀλλ’
578 3281 654 3350 οὐδὲ
678 3279 773 3357 αὐτὸς
797 3280 814 3346 6
841 3287 926 3350 κατὰ
955 3283 1087 3369 καιροὺς
1115 3283 1338 3371 Δημητριάδος

77 3407 243 3483 ίτίσκοπος
270 3411 365 3490 λόγον
388 3409 452 3485 teu
474 3405 495 3496 6
519 3409 738 3487 δικαιολογίαν
768 3411 837 3474 τινὰ
861 3407 905 3481 είς
929 3407 984 3492 τῆν
1013 3403 1168 3494 ῥηθεῖσαν
1196 3409 1293 3494 μονῆν
1317 3407 1337 3495 6

77 3531 116 3606 τίς
149 3536 200 3598 τόν
230 3531 321 3612 ἅγιον
344 3533 541 3622 Ὀνοόρριον·
575 3531 748 3620 ίδικιοτίρφ
776 3536 833 3598 καί
856 3535 917 3618 γὰρ
950 3533 1036 3616 λόγῳ
1066 3528 1285 3617 ἀποπίμπιται
1315 3527 1334 3617 6
1409 3603 1411 3607 ,

77 3661 235 3745 μετριότης
268 3653 358 3744 ἡμῶν
392 3667 510 3736 τοῦτον,
545 3655 588 3732 ὥς
624 3653 719 3724 αὐτόν
752 3677 829 3722 ποτα
864 3665 924 3722 τῶν
960 3653 1129 3742 όχλῆσειον
1166 3655 1264 3720 οιίτιον
1298 3666 1338 3740 τη

77 3793 162 3868 μονῆ.
188 3790 289 3848 ταῦτα
313 3775 393 3846 οὕτω
417 3781 587 3867 διορίζεται
609 3778 629 3868 6
655 3783 819 3867 μετριότης
846 3775 934 3868 ἡμῶν
958 3783 1015 3846 καί
1043 3777 1236 3864 ἀπαράβατα
1263 3780 1336 3842 δια-

76 3909 237 3990 τηρεῖσδαι
266 3905 443 3992 βοολομίνη
471 3903 516 3977 είς
540 3906 732 3990 διηνίκειαν,
756 3902 932 3992 ἀφορισμδν
961 3902 1091 3968 ἐπισείτι
1114 3905 1167 3966 τόν
1195 3900 1258 3968 ἀπὸ
1282 3911 1338 3988 τῆς

78 4033 252 4116 ίιραρχικῆς
282 4031 407 4115 τριάδος
436 4031 521 4094 κατὰ
545 4039 604 4094 τῶν
629 4027 852 4116 ἀθετησόντοιν
876 4037 987 4092 τιτῶν
1010 4027 1236 4111 διορισμίνων,
1265 4023 1336 4090 ἀλλ’

77 4149 120 4217 ότι
147 4159 201 4239 μίν
235 4151 423 4218 ἁλίσκονται
451 4151 493 4238 τῷ
529 4149 695 4240 ἀρορισμιρ
721 4149 751 4216 οἱ
780 4149 942 4236 ἀθοτῆσαί
970 4159 1081 4216 τιτῶν
1105 4147 1337 4233 ἐντεταλμίνιιιν

77 4280 342 4364 πτιραδησόμενοι
368 4275 507 4348 ίστινσαν
531 4283 623 4342 τοῦτο
648 4272 749 4340 αὐτοί.
778 4271 800 4362 6
827 4275 863 4339 δί
888 4279 1054 4362 μετριότης
1076 4269 1165 4360 ἡμῶν
1188 4277 1244 4338 καί
1266 4277 1338 4359 περί

77 4409 127 4486 τῆς
151 4404 263 4478 τάξεως
296 4405 354 4468 καί
383 4400 521 4487 ίκλογῆς
555 4409 611 4464 τοῦ
635 4397 666 4466 ίν
697 4411 738 4486 τῆ
760 4411 841 4486 μονῆ
856 4457 860 4467 ,
876 4407 932 4485 τῆς
955 4396 1207 4485 Μακρινιτίσσης
1240 4417 1336 4482 προε·
1440 4409 1444 4414 “

77 4535 186 4598 στῶτος
219 4535 319 4592 ταῦτα
353 4525 514 4590 διατοπαί·
549 4519 666 4590 ὁπόταν
700 4518 875 4610 ἡγούμενος
910 4525 944 4586 τό
972 4523 1075 4608 χρεόν
1109 4521 1337 4606 λειτοοργῆσας

76 4651 148 4732 πρὸς
168 4651 274 4736 κόριον
297 4647 483 4736 ίαδημῆση,
512 4650 652 4728 γινίσθιο
676 4645 795 4733 ίκλογῆ
823 4655 1020 4732 προεστῶτος
1047 4641 1106 4710 ὑπό
1129 4647 1252 4712 πάντων
1276 4655 1336 4710 τῶν

1056 4755 1090 4810 2³
1110 4750 1126 4789 ⁸
