<?xml version="1.0" encoding="UTF-8"?>
<!DOCTYPE html PUBLIC "-//W3C//DTD XHTML 1.0 Transitional//EN"
    "http://www.w3.org/TR/xhtml1/DTD/xhtml1-transitional.dtd">
<html xmlns="http://www.w3.org/1999/xhtml" xml:lang="en" lang="en">
 <head>
  <title>
</title>
<meta http-equiv="Content-Type" content="text/html;charset=utf-8" />
  <meta name='ocr-system' content='tesseract 3.04.00' />
  <meta name='ocr-capabilities' content='ocr_page ocr_carea ocr_par ocr_line ocrx_word'/>
</head>
<body>
  <div class='ocr_page' id='page_1' title='image "./actaetdiplomata04miklgoog_0052.png"; bbox 0 0 3228 5296; ppageno 0'>
   <div class='ocr_carea' id='block_1_1' title="bbox 1293 274 1333 338">
    <p class='ocr_par' dir='ltr' id='par_1_1' title="bbox 1293 274 1333 338">
     <span class='ocr_line' id='line_1_1' title="bbox 1293 274 1333 338; baseline 0 0"><span class='ocrx_word' id='word_1_1' title='bbox 1293 274 1333 338; x_wconf 85' lang='lat'>31</span> 
     </span>
    </p>
   </div>
   <div class='ocr_carea' id='block_1_2' title="bbox 43 465 1339 1921">
    <p class='ocr_par' dir='ltr' id='par_1_2' title="bbox 43 465 1339 1921">
     <span class='ocr_line' id='line_1_2' title="bbox 46 465 1334 559; baseline 0 -27"><span class='ocrx_word' id='word_1_2' title='bbox 46 465 243 554; x_wconf 79' lang='grc' dir='ltr'>ἐγρεύονται</span> <span class='ocrx_word' id='word_1_3' title='bbox 273 471 310 534; x_wconf 85' lang='grc' dir='ltr'>δὲ</span> <span class='ocrx_word' id='word_1_4' title='bbox 338 477 430 536; x_wconf 89' lang='grc' dir='ltr'>κατά</span> <span class='ocrx_word' id='word_1_5' title='bbox 458 471 590 559; x_wconf 86' lang='grc' dir='ltr'>καιρούς</span> <span class='ocrx_word' id='word_1_6' title='bbox 617 477 673 540; x_wconf 88' lang='grc' dir='ltr'>καί</span> <span class='ocrx_word' id='word_1_7' title='bbox 700 472 824 559; x_wconf 75' lang='grc' dir='ltr'>ἰχθύες.</span> <span class='ocrx_word' id='word_1_8' title='bbox 850 477 885 538; x_wconf 87' lang='grc' dir='ltr'>τό</span> <span class='ocrx_word' id='word_1_9' title='bbox 914 473 1089 558; x_wconf 72' lang='grc' dir='ltr'><strong>ἐπικτηθὲν</strong></span> <span class='ocrx_word' id='word_1_10' title='bbox 1114 481 1151 556; x_wconf 77' lang='grc' dir='ltr'>τη</span> <span class='ocrx_word' id='word_1_11' title='bbox 1177 480 1258 558; x_wconf 78' lang='grc' dir='ltr'>μονη</span> <span class='ocrx_word' id='word_1_12' title='bbox 1283 469 1334 556; x_wconf 84' lang='grc' dir='ltr'>βι-</span> 
     </span>
     <span class='ocr_line' id='line_1_3' title="bbox 44 593 1335 682; baseline -0.002 -24"><span class='ocrx_word' id='word_1_13' title='bbox 44 595 152 676; x_wconf 72' lang='grc' dir='ltr'>βάριον</span> <span class='ocrx_word' id='word_1_14' title='bbox 186 593 223 669; x_wconf 80' lang='grc' dir='ltr'>ἐξ</span> <span class='ocrx_word' id='word_1_15' title='bbox 253 593 384 662; x_wconf 86' lang='grc' dir='ltr'>οίκείιυν</span> <span class='ocrx_word' id='word_1_16' title='bbox 416 593 532 672; x_wconf 73' lang='grc' dir='ltr'>ἐξόδιον</span> <span class='ocrx_word' id='word_1_17' title='bbox 556 594 588 662; x_wconf 87' lang='grc' dir='ltr'>ἐν</span> <span class='ocrx_word' id='word_1_18' title='bbox 612 607 650 682; x_wconf 79' lang='grc' dir='ltr'>τῇ</span> <span class='ocrx_word' id='word_1_19' title='bbox 674 597 815 677; x_wconf 86' lang='grc' dir='ltr'>λαγκάδι</span> <span class='ocrx_word' id='word_1_20' title='bbox 842 605 897 662; x_wconf 88' lang='grc' dir='ltr'>τού</span> <span class='ocrx_word' id='word_1_21' title='bbox 922 601 1008 662; x_wconf 88' lang='grc' dir='ltr'>κατὰ</span> <span class='ocrx_word' id='word_1_22' title='bbox 1037 595 1179 680; x_wconf 79' lang='grc' dir='ltr'>Σμύρνην</span> <span class='ocrx_word' id='word_1_23' title='bbox 1206 593 1335 659; x_wconf 83' lang='grc' dir='ltr'>θαλατ-</span> 
     </span>
     <span class='ocr_line' id='line_1_4' title="bbox 43 715 1336 808; baseline 0 -28"><span class='ocrx_word' id='word_1_24' title='bbox 43 723 104 781; x_wconf 79' lang='grc' dir='ltr'>τίου</span> <span class='ocrx_word' id='word_1_25' title='bbox 132 719 290 796; x_wconf 87' lang='grc' dir='ltr'>κόλπου,</span> <span class='ocrx_word' id='word_1_26' title='bbox 322 719 340 784; x_wconf 83' lang='grc' dir='ltr'>δ</span> <span class='ocrx_word' id='word_1_27' title='bbox 367 724 427 784; x_wconf 80' lang='grc' dir='ltr'>καί</span> <span class='ocrx_word' id='word_1_28' title='bbox 456 719 688 805; x_wconf 75' lang='grc' dir='ltr'>ἐπονομάζεται</span> <span class='ocrx_word' id='word_1_29' title='bbox 717 719 817 806; x_wconf 89' lang='grc' dir='ltr'>Γύρυς</span> <span class='ocrx_word' id='word_1_30' title='bbox 846 721 902 784; x_wconf 92' lang='grc' dir='ltr'>σύν</span> <span class='ocrx_word' id='word_1_31' title='bbox 931 732 969 808; x_wconf 85' lang='grc' dir='ltr'>τη</span> <span class='ocrx_word' id='word_1_32' title='bbox 994 717 1027 794; x_wconf 75' lang='grc' dir='ltr'>ἐξ</span> <span class='ocrx_word' id='word_1_33' title='bbox 1050 715 1169 804; x_wconf 79' lang='grc' dir='ltr'>ἀνέμου</span> <span class='ocrx_word' id='word_1_34' title='bbox 1192 721 1336 790; x_wconf 79' lang='grc' dir='ltr'>καὶτοῖς</span> 
     </span>
     <span class='ocr_line' id='line_1_5' title="bbox 45 839 1335 946; baseline -0.003 -40"><span class='ocrx_word' id='word_1_35' title='bbox 45 841 229 916; x_wconf 81' lang='grc' dir='ltr'>τύλακίσις.</span> <span class='ocrx_word' id='word_1_36' title='bbox 260 847 302 908; x_wconf 87' lang='grc' dir='ltr'>τὰ</span> <span class='ocrx_word' id='word_1_37' title='bbox 328 841 373 918; x_wconf 80' lang='grc' dir='ltr'>είς</span> <span class='ocrx_word' id='word_1_38' title='bbox 398 845 454 930; x_wconf 78' lang='grc' dir='ltr'>την</span> <span class='ocrx_word' id='word_1_39' title='bbox 476 843 641 912; x_wconf 84' lang='grc' dir='ltr'>Μάνταιαν</span> <span class='ocrx_word' id='word_1_40' title='bbox 665 848 1048 946; x_wconf 80' lang='grc' dir='ltr'>τεσσαρακοντατέσσαρα</span> <span class='ocrx_word' id='word_1_41' title='bbox 1069 842 1184 906; x_wconf 86' lang='grc' dir='ltr'>ἐλαϊκόι</span> <span class='ocrx_word' id='word_1_42' title='bbox 1208 839 1335 926; x_wconf 86' lang='grc' dir='ltr'>δένδρα,</span> 
     </span>
     <span class='ocr_line' id='line_1_6' title="bbox 44 965 1338 1054; baseline -0.003 -24"><span class='ocrx_word' id='word_1_43' title='bbox 44 965 118 1051; x_wconf 82' lang='grc' dir='ltr'>άπερ</span> <span class='ocrx_word' id='word_1_44' title='bbox 141 970 461 1053; x_wconf 85' lang='grc' dir='ltr'>προσεκυριύθησαν</span> <span class='ocrx_word' id='word_1_45' title='bbox 484 969 583 1054; x_wconf 77' lang='grc' dir='ltr'>ταύτῃ</span> <span class='ocrx_word' id='word_1_46' title='bbox 609 966 671 1034; x_wconf 85' lang='grc' dir='ltr'>ἀπό</span> <span class='ocrx_word' id='word_1_47' title='bbox 694 970 905 1054; x_wconf 75' lang='grc' dir='ltr'>προσενέξτυς</span> <span class='ocrx_word' id='word_1_48' title='bbox 929 976 983 1032; x_wconf 87' lang='grc' dir='ltr'>τού</span> <span class='ocrx_word' id='word_1_49' title='bbox 1006 966 1115 1052; x_wconf 86' lang='grc' dir='ltr'>Βρανά</span> <span class='ocrx_word' id='word_1_50' title='bbox 1135 973 1234 1052; x_wconf 81' lang='grc' dir='ltr'>κυρού</span> <span class='ocrx_word' id='word_1_51' title='bbox 1258 965 1338 1031; x_wconf 87' lang='grc' dir='ltr'>Θεο-</span> 
     </span>
     <span class='ocr_line' id='line_1_7' title="bbox 44 1085 1338 1178; baseline -0.002 -24"><span class='ocrx_word' id='word_1_52' title='bbox 44 1090 143 1175; x_wconf 84' lang='grc' dir='ltr'>διόρου</span> <span class='ocrx_word' id='word_1_53' title='bbox 176 1088 235 1155; x_wconf 85' lang='grc' dir='ltr'>ἐπί</span> <span class='ocrx_word' id='word_1_54' title='bbox 266 1089 313 1176; x_wconf 76' lang='grc' dir='ltr'>τῷ</span> <span class='ocrx_word' id='word_1_55' title='bbox 342 1095 491 1178; x_wconf 73' lang='grc' dir='ltr'>κατέχειν</span> <span class='ocrx_word' id='word_1_56' title='bbox 526 1099 627 1156; x_wconf 85' lang='grc' dir='ltr'>ταῦτα</span> <span class='ocrx_word' id='word_1_57' title='bbox 655 1096 711 1156; x_wconf 90' lang='grc' dir='ltr'>καί</span> <span class='ocrx_word' id='word_1_58' title='bbox 746 1093 843 1155; x_wconf 89' lang='grc' dir='ltr'>τελείν</span> <span class='ocrx_word' id='word_1_59' title='bbox 872 1088 941 1156; x_wconf 90' lang='grc' dir='ltr'>κατ’</span> <span class='ocrx_word' id='word_1_60' title='bbox 971 1090 1043 1163; x_wconf 80' lang='grc' dir='ltr'>ἔτος</span> <span class='ocrx_word' id='word_1_61' title='bbox 1071 1093 1147 1175; x_wconf 85' lang='grc' dir='ltr'>πρός</span> <span class='ocrx_word' id='word_1_62' title='bbox 1175 1090 1248 1162; x_wconf 90' lang='grc' dir='ltr'>τούς</span> <span class='ocrx_word' id='word_1_63' title='bbox 1273 1085 1338 1152; x_wconf 80' lang='grc' dir='ltr'>ἀπό</span> 
     </span>
     <span class='ocr_line' id='line_1_8' title="bbox 45 1212 1336 1301; baseline -0.002 -25"><span class='ocrx_word' id='word_1_64' title='bbox 45 1223 94 1298; x_wconf 75' lang='grc' dir='ltr'>της</span> <span class='ocrx_word' id='word_1_65' title='bbox 116 1213 308 1288; x_wconf 62' lang='lat' dir='ltr'><em>Mamm&lt;</em></span> <span class='ocrx_word' id='word_1_66' title='bbox 333 1219 386 1280; x_wconf 89' lang='grc' dir='ltr'>τόν</span> <span class='ocrx_word' id='word_1_67' title='bbox 410 1237 443 1280; x_wconf 87' lang='grc' dir='ltr'>τε</span> <span class='ocrx_word' id='word_1_68' title='bbox 467 1213 628 1281; x_wconf 80' lang='grc' dir='ltr'>Κοσκινάν</span> <span class='ocrx_word' id='word_1_69' title='bbox 656 1214 713 1280; x_wconf 85' lang='grc' dir='ltr'>καὶ</span> <span class='ocrx_word' id='word_1_70' title='bbox 736 1219 789 1280; x_wconf 89' lang='grc' dir='ltr'>τόν</span> <span class='ocrx_word' id='word_1_71' title='bbox 813 1215 930 1301; x_wconf 83' lang='grc' dir='ltr'>Θωμᾶν</span> <span class='ocrx_word' id='word_1_72' title='bbox 955 1217 1145 1300; x_wconf 71' lang='grc' dir='ltr'>λεγομένους</span> <span class='ocrx_word' id='word_1_73' title='bbox 1170 1213 1242 1284; x_wconf 86' lang='grc' dir='ltr'>τούς</span> <span class='ocrx_word' id='word_1_74' title='bbox 1265 1212 1336 1278; x_wconf 81' lang='grc' dir='ltr'>δια-</span> 
     </span>
     <span class='ocr_line' id='line_1_9' title="bbox 43 1333 1334 1426; baseline -0.002 -22"><span class='ocrx_word' id='word_1_75' title='bbox 43 1340 273 1422; x_wconf 79' lang='grc' dir='ltr'>πιιλήσαντας</span> <span class='ocrx_word' id='word_1_76' title='bbox 302 1347 406 1404; x_wconf 91' lang='grc' dir='ltr'>ταύτα</span> <span class='ocrx_word' id='word_1_77' title='bbox 428 1341 506 1424; x_wconf 86' lang='grc' dir='ltr'>πρός</span> <span class='ocrx_word' id='word_1_78' title='bbox 529 1342 581 1404; x_wconf 88' lang='grc' dir='ltr'>τόν</span> <span class='ocrx_word' id='word_1_79' title='bbox 605 1339 731 1426; x_wconf 89' lang='grc' dir='ltr'>Βρανάν</span> <span class='ocrx_word' id='word_1_80' title='bbox 761 1335 933 1424; x_wconf 85' lang='grc' dir='ltr'>ύπέρπυρον</span> <span class='ocrx_word' id='word_1_81' title='bbox 959 1340 992 1402; x_wconf 85' lang='grc' dir='ltr'>ἓν</span> <span class='ocrx_word' id='word_1_82' title='bbox 1016 1343 1072 1404; x_wconf 90' lang='grc' dir='ltr'>καί</span> <span class='ocrx_word' id='word_1_83' title='bbox 1095 1340 1215 1402; x_wconf 86' lang='grc' dir='ltr'>κυκκία</span> <span class='ocrx_word' id='word_1_84' title='bbox 1239 1333 1334 1402; x_wconf 82' lang='grc' dir='ltr'>δκτιύ.</span> 
     </span>
     <span class='ocr_line' id='line_1_10' title="bbox 45 1461 1336 1550; baseline -0.001 -25"><span class='ocrx_word' id='word_1_85' title='bbox 45 1466 79 1526; x_wconf 81' lang='grc' dir='ltr'>τά</span> <span class='ocrx_word' id='word_1_86' title='bbox 102 1461 149 1535; x_wconf 82' lang='grc' dir='ltr'>είς</span> <span class='ocrx_word' id='word_1_87' title='bbox 178 1463 242 1547; x_wconf 79' lang='grc' dir='ltr'>τὴν</span> <span class='ocrx_word' id='word_1_88' title='bbox 271 1463 424 1549; x_wconf 77' lang='grc' dir='ltr'>τοιαύτην</span> <span class='ocrx_word' id='word_1_89' title='bbox 446 1466 555 1549; x_wconf 82' lang='grc' dir='ltr'>χώραν</span> <span class='ocrx_word' id='word_1_90' title='bbox 582 1462 745 1550; x_wconf 81' lang='grc' dir='ltr'>οέκηματα</span> <span class='ocrx_word' id='word_1_91' title='bbox 767 1471 822 1526; x_wconf 91' lang='grc' dir='ltr'>τού</span> <span class='ocrx_word' id='word_1_92' title='bbox 845 1461 1009 1548; x_wconf 87' lang='grc' dir='ltr'>Γορδοίτου</span> <span class='ocrx_word' id='word_1_93' title='bbox 1033 1463 1197 1548; x_wconf 82' lang='grc' dir='ltr'>Θεοδώρου</span> <span class='ocrx_word' id='word_1_94' title='bbox 1221 1464 1278 1524; x_wconf 90' lang='grc' dir='ltr'>καί</span> <span class='ocrx_word' id='word_1_95' title='bbox 1301 1461 1336 1524; x_wconf 88' lang='grc' dir='ltr'>τό</span> 
     </span>
     <span class='ocr_line' id='line_1_11' title="bbox 44 1581 1336 1672; baseline -0.001 -23"><span class='ocrx_word' id='word_1_96' title='bbox 44 1587 182 1672; x_wconf 80' lang='grc' dir='ltr'>πλησίον</span> <span class='ocrx_word' id='word_1_97' title='bbox 210 1581 330 1659; x_wconf 79' lang='grc' dir='ltr'>αὐτοῖς</span> <span class='ocrx_word' id='word_1_98' title='bbox 355 1584 518 1672; x_wconf 84' lang='grc' dir='ltr'>άμπέλιον,</span> <span class='ocrx_word' id='word_1_99' title='bbox 544 1583 622 1672; x_wconf 83' lang='grc' dir='ltr'>άπερ</span> <span class='ocrx_word' id='word_1_100' title='bbox 646 1588 797 1652; x_wconf 83' lang='grc' dir='ltr'>τελευτῶν</span> <span class='ocrx_word' id='word_1_101' title='bbox 822 1584 839 1652; x_wconf 87' lang='grc' dir='ltr'>ὁ</span> <span class='ocrx_word' id='word_1_102' title='bbox 863 1595 1003 1660; x_wconf 88' lang='grc' dir='ltr'>τοιούτος</span> <span class='ocrx_word' id='word_1_103' title='bbox 1026 1586 1186 1672; x_wconf 87' lang='grc' dir='ltr'>Γορδάτος</span> <span class='ocrx_word' id='word_1_104' title='bbox 1211 1583 1336 1670; x_wconf 79' lang='grc' dir='ltr'>ἐπαφῆ-</span> 
     </span>
     <span class='ocr_line' id='line_1_12' title="bbox 44 1708 1336 1798; baseline -0.002 -24"><span class='ocrx_word' id='word_1_105' title='bbox 44 1732 93 1774; x_wconf 80' lang='grc' dir='ltr'>κεν</span> <span class='ocrx_word' id='word_1_106' title='bbox 122 1710 351 1796; x_wconf 80' lang='grc' dir='ltr'>ἐνδιαθὴκως</span> <span class='ocrx_word' id='word_1_107' title='bbox 377 1713 455 1798; x_wconf 85' lang='grc' dir='ltr'>πρὸς</span> <span class='ocrx_word' id='word_1_108' title='bbox 482 1711 536 1796; x_wconf 82' lang='grc' dir='ltr'>την</span> <span class='ocrx_word' id='word_1_109' title='bbox 565 1711 713 1796; x_wconf 73' lang='grc' dir='ltr'>τοιαύτην</span> <span class='ocrx_word' id='word_1_110' title='bbox 742 1713 850 1796; x_wconf 80' lang='grc' dir='ltr'>μονήν.</span> <span class='ocrx_word' id='word_1_111' title='bbox 880 1713 915 1776; x_wconf 86' lang='grc' dir='ltr'>τό</span> <span class='ocrx_word' id='word_1_112' title='bbox 949 1712 1082 1797; x_wconf 88' lang='grc' dir='ltr'>πλησίον</span> <span class='ocrx_word' id='word_1_113' title='bbox 1113 1720 1172 1774; x_wconf 78' lang='grc' dir='ltr'>τῶν</span> <span class='ocrx_word' id='word_1_114' title='bbox 1200 1708 1336 1778; x_wconf 86' lang='grc' dir='ltr'>Γενικού</span> 
     </span>
     <span class='ocr_line' id='line_1_13' title="bbox 45 1830 1339 1921; baseline 0 -23"><span class='ocrx_word' id='word_1_115' title='bbox 45 1839 203 1921; x_wconf 86' lang='grc' dir='ltr'>μετόχιον</span> <span class='ocrx_word' id='word_1_116' title='bbox 230 1837 273 1898; x_wconf 87' lang='grc' dir='ltr'>τό</span> <span class='ocrx_word' id='word_1_117' title='bbox 298 1833 343 1907; x_wconf 85' lang='grc' dir='ltr'>είς</span> <span class='ocrx_word' id='word_1_118' title='bbox 371 1831 475 1920; x_wconf 86' lang='grc' dir='ltr'>ὄνομα</span> <span class='ocrx_word' id='word_1_119' title='bbox 502 1838 676 1920; x_wconf 86' lang='grc' dir='ltr'>τιμώμενον</span> <span class='ocrx_word' id='word_1_120' title='bbox 705 1843 759 1920; x_wconf 84' lang='grc' dir='ltr'>της</span> <span class='ocrx_word' id='word_1_121' title='bbox 789 1830 965 1919; x_wconf 89' lang='grc' dir='ltr'>ύπεράγνου</span> <span class='ocrx_word' id='word_1_122' title='bbox 995 1856 1055 1920; x_wconf 88' lang='grc' dir='ltr'>μου</span> <span class='ocrx_word' id='word_1_123' title='bbox 1083 1833 1252 1918; x_wconf 77' lang='grc' dir='ltr'>δεσποίνης</span> <span class='ocrx_word' id='word_1_124' title='bbox 1280 1833 1339 1898; x_wconf 83' lang='grc' dir='ltr'>καί</span> 
     </span>
    </p>
   </div>
   <div class='ocr_carea' id='block_1_3' title="bbox 44 1935 1338 2060">
    <p class='ocr_par' dir='ltr' id='par_1_3' title="bbox 44 1935 1338 2060">
     <span class='ocr_line' id='line_1_14' title="bbox 44 1935 1338 2060; baseline -0.005 -38"><span class='ocrx_word' id='word_1_125' title='bbox 44 1963 260 2046; x_wconf 80' lang='grc' dir='ltr'>θεομήτορος</span> <span class='ocrx_word' id='word_1_126' title='bbox 286 1961 344 2022; x_wconf 88' lang='grc' dir='ltr'>καί</span> <span class='ocrx_word' id='word_1_127' title='bbox 368 1955 618 2060; x_wconf 49' lang='grc' dir='ltr'>ἐπικεκλημθον</span> <span class='ocrx_word' id='word_1_128' title='bbox 642 1967 698 2044; x_wconf 78' lang='grc' dir='ltr'>τῆς</span> <span class='ocrx_word' id='word_1_129' title='bbox 722 1955 1016 2044; x_wconf 82' lang='grc' dir='ltr'>Ἃμαναριιυτίσσης</span> <span class='ocrx_word' id='word_1_130' title='bbox 1034 1960 1113 2042; x_wconf 88' lang='grc' dir='ltr'>μετὰ</span> <span class='ocrx_word' id='word_1_131' title='bbox 1138 1965 1193 2042; x_wconf 83' lang='grc' dir='ltr'>της</span> <span class='ocrx_word' id='word_1_132' title='bbox 1218 1935 1338 2040; x_wconf 83' lang='grc' dir='ltr'>ἐκκλη-</span> 
     </span>
    </p>
   </div>
   <div class='ocr_carea' id='block_1_4' title="bbox 1 2077 1384 4780">
    <p class='ocr_par' dir='ltr' id='par_1_4' title="bbox 1 2077 1384 4780">
     <span class='ocr_line' id='line_1_15' title="bbox 46 2077 1336 2170; baseline -0.007 -21"><span class='ocrx_word' id='word_1_133' title='bbox 46 2089 112 2158; x_wconf 83' lang='grc' dir='ltr'>σίας</span> <span class='ocrx_word' id='word_1_134' title='bbox 138 2095 206 2170; x_wconf 81' lang='grc' dir='ltr'>τῆς</span> <span class='ocrx_word' id='word_1_135' title='bbox 234 2080 337 2160; x_wconf 74' lang='grc' dir='ltr'>ἁγίας</span> <span class='ocrx_word' id='word_1_136' title='bbox 360 2079 503 2168; x_wconf 86' lang='grc' dir='ltr'>Μαρίνης</span> <span class='ocrx_word' id='word_1_137' title='bbox 527 2086 584 2146; x_wconf 90' lang='grc' dir='ltr'>καί</span> <span class='ocrx_word' id='word_1_138' title='bbox 612 2089 666 2146; x_wconf 87' lang='grc' dir='ltr'>τού</span> <span class='ocrx_word' id='word_1_139' title='bbox 692 2079 723 2146; x_wconf 86' lang='grc' dir='ltr'>ἐν</span> <span class='ocrx_word' id='word_1_140' title='bbox 748 2077 829 2168; x_wconf 83' lang='grc' dir='ltr'>αὐτη</span> <span class='ocrx_word' id='word_1_141' title='bbox 856 2085 1057 2167; x_wconf 82' lang='grc' dir='ltr'>χυροιριαίου</span> <span class='ocrx_word' id='word_1_142' title='bbox 1082 2084 1178 2146; x_wconf 80' lang='grc' dir='ltr'>τύπου</span> <span class='ocrx_word' id='word_1_143' title='bbox 1200 2081 1258 2144; x_wconf 88' lang='grc' dir='ltr'>καί</span> <span class='ocrx_word' id='word_1_144' title='bbox 1280 2099 1336 2142; x_wconf 89' lang='grc' dir='ltr'>πε-</span> 
     </span>
     <span class='ocr_line' id='line_1_16' title="bbox 47 2201 1340 2292; baseline -0.002 -22"><span class='ocrx_word' id='word_1_145' title='bbox 47 2209 192 2292; x_wconf 74' lang='grc' dir='ltr'>ρτβυλίου</span> <span class='ocrx_word' id='word_1_146' title='bbox 222 2208 288 2270; x_wconf 85' lang='grc' dir='ltr'>καί</span> <span class='ocrx_word' id='word_1_147' title='bbox 316 2215 377 2268; x_wconf 81' lang='grc' dir='ltr'>τῶν</span> <span class='ocrx_word' id='word_1_148' title='bbox 406 2207 521 2268; x_wconf 83' lang='grc' dir='ltr'>λοιπῶν</span> <span class='ocrx_word' id='word_1_149' title='bbox 542 2205 673 2270; x_wconf 86' lang='grc' dir='ltr'>δικαίων</span> <span class='ocrx_word' id='word_1_150' title='bbox 699 2201 805 2286; x_wconf 79' lang='grc' dir='ltr'>αὐτού,</span> <span class='ocrx_word' id='word_1_151' title='bbox 835 2201 912 2290; x_wconf 75' lang='grc' dir='ltr'>ὅπερ</span> <span class='ocrx_word' id='word_1_152' title='bbox 938 2203 1074 2291; x_wconf 75' lang='grc' dir='ltr'>ἐξεδόθη</span> <span class='ocrx_word' id='word_1_153' title='bbox 1098 2207 1175 2289; x_wconf 90' lang='grc' dir='ltr'>πρός</span> <span class='ocrx_word' id='word_1_154' title='bbox 1199 2205 1254 2288; x_wconf 84' lang='grc' dir='ltr'>τήν</span> <span class='ocrx_word' id='word_1_155' title='bbox 1280 2223 1340 2286; x_wconf 89' lang='grc' dir='ltr'>μυ-</span> 
     </span>
     <span class='ocr_line' id='line_1_17' title="bbox 46 2325 1337 2417; baseline -0.005 -22"><span class='ocrx_word' id='word_1_156' title='bbox 46 2333 96 2417; x_wconf 78' lang='grc' dir='ltr'>νην</span> <span class='ocrx_word' id='word_1_157' title='bbox 120 2333 184 2396; x_wconf 81' lang='grc' dir='ltr'>διὰ</span> <span class='ocrx_word' id='word_1_158' title='bbox 211 2332 412 2416; x_wconf 76' lang='grc' dir='ltr'>γράμματος</span> <span class='ocrx_word' id='word_1_159' title='bbox 434 2337 489 2394; x_wconf 86' lang='grc' dir='ltr'>τού</span> <span class='ocrx_word' id='word_1_160' title='bbox 512 2329 764 2417; x_wconf 80' lang='grc' dir='ltr'>θεοφιλεστάτου</span> <span class='ocrx_word' id='word_1_161' title='bbox 790 2327 963 2396; x_wconf 74' lang='grc' dir='ltr'>ἐπισκόπου</span> <span class='ocrx_word' id='word_1_162' title='bbox 986 2327 1139 2394; x_wconf 79' lang='grc' dir='ltr'>Μονίκου.</span> <span class='ocrx_word' id='word_1_163' title='bbox 1164 2330 1199 2392; x_wconf 88' lang='grc' dir='ltr'>τό</span> <span class='ocrx_word' id='word_1_164' title='bbox 1224 2325 1268 2398; x_wconf 78' lang='grc' dir='ltr'>εἷς</span> <span class='ocrx_word' id='word_1_165' title='bbox 1284 2327 1337 2390; x_wconf 89' lang='grc' dir='ltr'>τόν</span> 
     </span>
     <span class='ocr_line' id='line_1_18' title="bbox 48 2449 1341 2542; baseline -0.005 -22"><span class='ocrx_word' id='word_1_166' title='bbox 48 2460 178 2542; x_wconf 81' lang='grc' dir='ltr'>πάμπαν</span> <span class='ocrx_word' id='word_1_167' title='bbox 213 2462 278 2518; x_wconf 85' lang='grc' dir='ltr'>τοῦ</span> <span class='ocrx_word' id='word_1_168' title='bbox 306 2450 558 2538; x_wconf 84' lang='grc' dir='ltr'>Μεμανιοιμένου</span> <span class='ocrx_word' id='word_1_169' title='bbox 586 2457 749 2540; x_wconf 85' lang='grc' dir='ltr'>χιοράιριυν</span> <span class='ocrx_word' id='word_1_170' title='bbox 778 2463 833 2540; x_wconf 82' lang='grc' dir='ltr'>της</span> <span class='ocrx_word' id='word_1_171' title='bbox 861 2449 956 2532; x_wconf 81' lang='grc' dir='ltr'>ἁγίας</span> <span class='ocrx_word' id='word_1_172' title='bbox 985 2453 1198 2540; x_wconf 83' lang='grc' dir='ltr'>Παρασκευης</span> <span class='ocrx_word' id='word_1_173' title='bbox 1234 2449 1341 2514; x_wconf 85' lang='grc' dir='ltr'>ἐπιλε-</span> 
     </span>
     <span class='ocr_line' id='line_1_19' title="bbox 50 2574 1340 2669; baseline -0.002 -27"><span class='ocrx_word' id='word_1_174' title='bbox 50 2583 200 2664; x_wconf 86' lang='grc' dir='ltr'>γόμενον,</span> <span class='ocrx_word' id='word_1_175' title='bbox 229 2574 315 2669; x_wconf 67' lang='grc' dir='ltr'>ὅπερ</span> <span class='ocrx_word' id='word_1_176' title='bbox 338 2576 495 2662; x_wconf 78' lang='grc' dir='ltr'>περιῆλθε</span> <span class='ocrx_word' id='word_1_177' title='bbox 518 2578 618 2664; x_wconf 86' lang='grc' dir='ltr'>ταύτη</span> <span class='ocrx_word' id='word_1_178' title='bbox 643 2575 705 2640; x_wconf 85' lang='grc' dir='ltr'>σίπό</span> <span class='ocrx_word' id='word_1_179' title='bbox 730 2579 942 2663; x_wconf 79' lang='grc' dir='ltr'>πρυσενέξειυς</span> <span class='ocrx_word' id='word_1_180' title='bbox 971 2587 1025 2641; x_wconf 89' lang='grc' dir='ltr'>τού</span> <span class='ocrx_word' id='word_1_181' title='bbox 1053 2576 1186 2662; x_wconf 88' lang='grc' dir='ltr'>Γαράρη</span> <span class='ocrx_word' id='word_1_182' title='bbox 1215 2575 1340 2642; x_wconf 81' lang='grc' dir='ltr'>Θεοδώ-</span> 
     </span>
     <span class='ocr_line' id='line_1_20' title="bbox 50 2694 1340 2789; baseline -0.006 -20"><span class='ocrx_word' id='word_1_183' title='bbox 50 2727 109 2789; x_wconf 86' lang='grc' dir='ltr'>ρου.</span> <span class='ocrx_word' id='word_1_184' title='bbox 141 2706 183 2769; x_wconf 88' lang='grc' dir='ltr'><strong>τό</strong></span> <span class='ocrx_word' id='word_1_185' title='bbox 216 2701 269 2774; x_wconf 82' lang='grc' dir='ltr'>είς</span> <span class='ocrx_word' id='word_1_186' title='bbox 299 2703 355 2765; x_wconf 89' lang='grc' dir='ltr'>τόν</span> <span class='ocrx_word' id='word_1_187' title='bbox 384 2694 479 2764; x_wconf 79' lang='grc' dir='ltr'>αὐτόν</span> <span class='ocrx_word' id='word_1_188' title='bbox 507 2704 634 2786; x_wconf 88' lang='grc' dir='ltr'>κάμπυν</span> <span class='ocrx_word' id='word_1_189' title='bbox 658 2699 755 2786; x_wconf 83' lang='grc' dir='ltr'>ἤγουν</span> <span class='ocrx_word' id='word_1_190' title='bbox 783 2699 829 2774; x_wconf 88' lang='grc' dir='ltr'>είς</span> <span class='ocrx_word' id='word_1_191' title='bbox 853 2703 888 2764; x_wconf 88' lang='grc' dir='ltr'>τό</span> <span class='ocrx_word' id='word_1_192' title='bbox 913 2705 1030 2786; x_wconf 86' lang='grc' dir='ltr'>χωρίον</span> <span class='ocrx_word' id='word_1_193' title='bbox 1054 2703 1107 2766; x_wconf 89' lang='grc' dir='ltr'>τόν</span> <span class='ocrx_word' id='word_1_194' title='bbox 1131 2700 1256 2784; x_wconf 91' lang='grc' dir='ltr'>Πύργον</span> <span class='ocrx_word' id='word_1_195' title='bbox 1279 2719 1340 2762; x_wconf 86' lang='grc' dir='ltr'>πε-</span> 
     </span>
     <span class='ocr_line' id='line_1_21' title="bbox 51 2818 1339 2912; baseline -0.005 -20"><span class='ocrx_word' id='word_1_196' title='bbox 51 2830 180 2912; x_wconf 84' lang='grc' dir='ltr'>ριελθόν</span> <span class='ocrx_word' id='word_1_197' title='bbox 213 2821 304 2912; x_wconf 78' lang='grc' dir='ltr'>αὐτῇ</span> <span class='ocrx_word' id='word_1_198' title='bbox 333 2828 497 2912; x_wconf 83' lang='grc' dir='ltr'>χυράριον</span> <span class='ocrx_word' id='word_1_199' title='bbox 527 2821 560 2899; x_wconf 73' lang='grc' dir='ltr'>ἐξ</span> <span class='ocrx_word' id='word_1_200' title='bbox 588 2822 765 2909; x_wconf 84' lang='grc' dir='ltr'>ἁγορασίας</span> <span class='ocrx_word' id='word_1_201' title='bbox 796 2823 857 2889; x_wconf 84' lang='grc' dir='ltr'>ἀπό</span> <span class='ocrx_word' id='word_1_202' title='bbox 886 2835 941 2912; x_wconf 79' lang='grc' dir='ltr'>τῆς</span> <span class='ocrx_word' id='word_1_203' title='bbox 972 2834 1069 2910; x_wconf 77' lang='grc' dir='ltr'>μονῆς</span> <span class='ocrx_word' id='word_1_204' title='bbox 1098 2834 1157 2887; x_wconf 84' lang='grc' dir='ltr'>τῶν</span> <span class='ocrx_word' id='word_1_205' title='bbox 1182 2818 1339 2907; x_wconf 80' lang='grc' dir='ltr'>Ἠερινιῐιν.</span> 
     </span>
     <span class='ocr_line' id='line_1_22' title="bbox 53 2943 1340 3039; baseline -0.006 -23"><span class='ocrx_word' id='word_1_206' title='bbox 53 2958 84 3018; x_wconf 87' lang='grc' dir='ltr'>τό</span> <span class='ocrx_word' id='word_1_207' title='bbox 109 2958 187 3039; x_wconf 85' lang='grc' dir='ltr'>περί</span> <span class='ocrx_word' id='word_1_208' title='bbox 211 2953 273 3018; x_wconf 84' lang='grc' dir='ltr'>τόν</span> <span class='ocrx_word' id='word_1_209' title='bbox 298 2957 441 3013; x_wconf 82' lang='grc' dir='ltr'>τοιοῦτον</span> <span class='ocrx_word' id='word_1_210' title='bbox 468 2952 595 3034; x_wconf 79' lang='grc' dir='ltr'>κόμπον</span> <span class='ocrx_word' id='word_1_211' title='bbox 623 2953 855 3034; x_wconf 73' lang='grc' dir='ltr'>προσκομισθὲν</span> <span class='ocrx_word' id='word_1_212' title='bbox 883 2943 963 3035; x_wconf 73' lang='grc' dir='ltr'>αὐτῇ</span> <span class='ocrx_word' id='word_1_213' title='bbox 988 2952 1151 3036; x_wconf 83' lang='grc' dir='ltr'>χυράφιυν</span> <span class='ocrx_word' id='word_1_214' title='bbox 1175 2949 1261 3031; x_wconf 89' lang='grc' dir='ltr'>παρὰ</span> <span class='ocrx_word' id='word_1_215' title='bbox 1284 2951 1340 3030; x_wconf 85' lang='grc' dir='ltr'>της</span> 
     </span>
     <span class='ocr_line' id='line_1_23' title="bbox 52 3069 1337 3161; baseline -0.01 -18"><span class='ocrx_word' id='word_1_216' title='bbox 52 3077 251 3161; x_wconf 74' lang='grc' dir='ltr'>Ἀγγελίνης</span> <span class='ocrx_word' id='word_1_217' title='bbox 283 3075 320 3137; x_wconf 89' lang='grc' dir='ltr'>τό</span> <span class='ocrx_word' id='word_1_218' title='bbox 349 3071 571 3158; x_wconf 75' lang='grc' dir='ltr'>ἐπιλεγόμενον</span> <span class='ocrx_word' id='word_1_219' title='bbox 599 3069 762 3158; x_wconf 70' lang='grc' dir='ltr'>Ἅρμενον</span> <span class='ocrx_word' id='word_1_220' title='bbox 785 3070 861 3137; x_wconf 83' lang='grc' dir='ltr'>ὡσεί</span> <span class='ocrx_word' id='word_1_221' title='bbox 887 3073 1004 3158; x_wconf 83' lang='grc' dir='ltr'>ροδίυν</span> <span class='ocrx_word' id='word_1_222' title='bbox 1029 3069 1063 3136; x_wconf 85' lang='grc' dir='ltr'>δν</span> <span class='ocrx_word' id='word_1_223' title='bbox 1087 3073 1337 3154; x_wconf 87' lang='grc' dir='ltr'>τεσσαράκοντα.</span> 
     </span>
     <span class='ocr_line' id='line_1_24' title="bbox 1 3193 1339 3284; baseline -0.007 -20"><span class='ocrx_word' id='word_1_224' title='bbox 1 3199 2 3212; x_wconf 73' lang='grc'>’</span> <span class='ocrx_word' id='word_1_225' title='bbox 55 3205 86 3264; x_wconf 85' lang='grc' dir='ltr'>τό</span> <span class='ocrx_word' id='word_1_226' title='bbox 109 3201 176 3266; x_wconf 85' lang='grc' dir='ltr'>άπό</span> <span class='ocrx_word' id='word_1_227' title='bbox 203 3197 425 3284; x_wconf 73' lang='grc' dir='ltr'>προσενέξευς</span> <span class='ocrx_word' id='word_1_228' title='bbox 448 3196 615 3281; x_wconf 77' lang='grc' dir='ltr'>περιελθὸν</span> <span class='ocrx_word' id='word_1_229' title='bbox 641 3195 721 3282; x_wconf 79' lang='grc' dir='ltr'>αύτη</span> <span class='ocrx_word' id='word_1_230' title='bbox 746 3199 907 3284; x_wconf 85' lang='grc' dir='ltr'>χιυράφιον</span> <span class='ocrx_word' id='word_1_231' title='bbox 937 3195 999 3262; x_wconf 83' lang='grc' dir='ltr'>ἀπό</span> <span class='ocrx_word' id='word_1_232' title='bbox 1023 3205 1078 3282; x_wconf 77' lang='grc' dir='ltr'>τῆς</span> <span class='ocrx_word' id='word_1_233' title='bbox 1097 3193 1339 3276; x_wconf 55' lang='grc' dir='ltr'>πανυπερσεβάε</span> 
     </span>
     <span class='ocr_line' id='line_1_25' title="bbox 56 3317 1339 3411; baseline -0.007 -21"><span class='ocrx_word' id='word_1_234' title='bbox 56 3347 128 3411; x_wconf 60' lang='grc' dir='ltr'>σεεμ</span> <span class='ocrx_word' id='word_1_235' title='bbox 160 3319 300 3406; x_wconf 77' lang='grc' dir='ltr'>ἐκείνης</span> <span class='ocrx_word' id='word_1_236' title='bbox 327 3329 384 3405; x_wconf 79' lang='grc' dir='ltr'>τῆς</span> <span class='ocrx_word' id='word_1_237' title='bbox 408 3319 705 3405; x_wconf 80' lang='grc' dir='ltr'>Ζαγαρομματίνης.</span> <span class='ocrx_word' id='word_1_238' title='bbox 731 3321 766 3384; x_wconf 90' lang='grc' dir='ltr'>τό</span> <span class='ocrx_word' id='word_1_239' title='bbox 791 3318 838 3394; x_wconf 82' lang='grc' dir='ltr'>είς</span> <span class='ocrx_word' id='word_1_240' title='bbox 862 3321 922 3406; x_wconf 84' lang='grc' dir='ltr'>την.</span> <span class='ocrx_word' id='word_1_241' title='bbox 939 3317 1105 3386; x_wconf 87' lang='grc' dir='ltr'>Μάνταιαν</span> <span class='ocrx_word' id='word_1_242' title='bbox 1130 3320 1278 3404; x_wconf 87' lang='grc' dir='ltr'>μετόχιον</span> <span class='ocrx_word' id='word_1_243' title='bbox 1303 3318 1339 3382; x_wconf 88' lang='grc' dir='ltr'>τό</span> 
     </span>
     <span class='ocr_line' id='line_1_26' title="bbox 57 3439 1341 3532; baseline -0.005 -22"><span class='ocrx_word' id='word_1_244' title='bbox 57 3447 294 3532; x_wconf 74' lang='grc' dir='ltr'>ἐπλεγόμενον</span> <span class='ocrx_word' id='word_1_245' title='bbox 325 3451 379 3508; x_wconf 87' lang='grc' dir='ltr'>τού</span> <span class='ocrx_word' id='word_1_246' title='bbox 406 3442 536 3508; x_wconf 87' lang='grc' dir='ltr'>Πλάνου</span> <span class='ocrx_word' id='word_1_247' title='bbox 565 3445 599 3506; x_wconf 89' lang='grc' dir='ltr'>τό</span> <span class='ocrx_word' id='word_1_248' title='bbox 629 3440 802 3528; x_wconf 84' lang='grc' dir='ltr'>ἀνεγερθέν</span> <span class='ocrx_word' id='word_1_249' title='bbox 829 3447 916 3529; x_wconf 83' lang='grc' dir='ltr'>παρὰ</span> <span class='ocrx_word' id='word_1_250' title='bbox 951 3453 1012 3508; x_wconf 79' lang='grc' dir='ltr'>τῶν</span> <span class='ocrx_word' id='word_1_251' title='bbox 1040 3451 1188 3530; x_wconf 80' lang='grc' dir='ltr'>μοναγάιν</span> <span class='ocrx_word' id='word_1_252' title='bbox 1218 3439 1250 3504; x_wconf 80' lang='grc' dir='ltr'>ἐν</span> <span class='ocrx_word' id='word_1_253' title='bbox 1282 3459 1341 3508; x_wconf 88' lang='grc' dir='ltr'>τινι</span> 
     </span>
     <span class='ocr_line' id='line_1_27' title="bbox 57 3535 1341 3660; baseline -0.006 -24"><span class='ocrx_word' id='word_1_254' title='bbox 57 3576 217 3660; x_wconf 72' lang='grc' dir='ltr'>γυραφίῳ</span> <span class='ocrx_word' id='word_1_255' title='bbox 241 3567 448 3653; x_wconf 83' lang='grc' dir='ltr'>περιελθόντι</span> <span class='ocrx_word' id='word_1_256' title='bbox 471 3578 509 3653; x_wconf 77' lang='grc' dir='ltr'>τη</span> <span class='ocrx_word' id='word_1_257' title='bbox 534 3553 616 3653; x_wconf 76' lang='grc' dir='ltr'>μονη</span> <span class='ocrx_word' id='word_1_258' title='bbox 640 3563 703 3634; x_wconf 80' lang='grc' dir='ltr'>ἀπὸ</span> <span class='ocrx_word' id='word_1_259' title='bbox 725 3569 937 3652; x_wconf 77' lang='grc' dir='ltr'>πρυσενὲξειυς</span> <span class='ocrx_word' id='word_1_260' title='bbox 954 3577 1014 3632; x_wconf 82' lang='grc' dir='ltr'>τῶν</span> <span class='ocrx_word' id='word_1_261' title='bbox 1038 3567 1094 3630; x_wconf 83' lang='grc' dir='ltr'>δύο</span> <span class='ocrx_word' id='word_1_262' title='bbox 1113 3564 1257 3652; x_wconf 78' lang='grc' dir='ltr'>ἀδελφῶν</span> <span class='ocrx_word' id='word_1_263' title='bbox 1281 3535 1341 3628; x_wconf 84' lang='grc' dir='ltr'>εύν</span> 
     </span>
     <span class='ocr_line' id='line_1_28' title="bbox 1 3685 1341 3780; baseline -0.007 -18"><span class='ocrx_word' id='word_1_264' title='bbox 1 3737 2 3778; x_wconf 53' lang='lat'><em>3</em></span> <span class='ocrx_word' id='word_1_265' title='bbox 57 3697 239 3762; x_wconf 83' lang='grc' dir='ltr'>Πλανιτῶν.</span> <span class='ocrx_word' id='word_1_266' title='bbox 267 3695 304 3758; x_wconf 89' lang='grc' dir='ltr'>τό</span> <span class='ocrx_word' id='word_1_267' title='bbox 329 3691 374 3764; x_wconf 85' lang='grc' dir='ltr'>εἰς</span> <span class='ocrx_word' id='word_1_268' title='bbox 395 3693 430 3755; x_wconf 89' lang='grc' dir='ltr'>τύ</span> <span class='ocrx_word' id='word_1_269' title='bbox 451 3687 524 3778; x_wconf 83' lang='grc' dir='ltr'>ὄρος</span> <span class='ocrx_word' id='word_1_270' title='bbox 548 3703 608 3756; x_wconf 77' lang='grc' dir='ltr'>τῶν</span> <span class='ocrx_word' id='word_1_271' title='bbox 624 3689 760 3777; x_wconf 82' lang='grc' dir='ltr'>Αέμβυν</span> <span class='ocrx_word' id='word_1_272' title='bbox 777 3691 977 3778; x_wconf 85' lang='grc' dir='ltr'>διακείμενον</span> <span class='ocrx_word' id='word_1_273' title='bbox 1003 3695 1152 3780; x_wconf 82' lang='grc' dir='ltr'>μετόχιυν</span> <span class='ocrx_word' id='word_1_274' title='bbox 1169 3699 1224 3767; x_wconf 78' lang='grc' dir='ltr'>τού</span> <span class='ocrx_word' id='word_1_275' title='bbox 1248 3685 1341 3768; x_wconf 85' lang='grc' dir='ltr'>ἁγίου</span> 
     </span>
     <span class='ocr_line' id='line_1_29' title="bbox 59 3810 1384 3907; baseline -0.009 -21"><span class='ocrx_word' id='word_1_276' title='bbox 59 3821 224 3907; x_wconf 76' lang='grc' dir='ltr'>Γεσργίσυ</span> <span class='ocrx_word' id='word_1_277' title='bbox 251 3827 310 3882; x_wconf 85' lang='grc' dir='ltr'>τού</span> <span class='ocrx_word' id='word_1_278' title='bbox 333 3815 646 3901; x_wconf 84' lang='grc' dir='ltr'>Ἀσκουρβουλιόιτου</span> <span class='ocrx_word' id='word_1_279' title='bbox 669 3817 850 3901; x_wconf 73' lang='grc' dir='ltr'>λεγόμενον,</span> <span class='ocrx_word' id='word_1_280' title='bbox 869 3821 952 3903; x_wconf 83' lang='grc' dir='ltr'>μετὰ</span> <span class='ocrx_word' id='word_1_281' title='bbox 976 3825 1030 3902; x_wconf 85' lang='grc' dir='ltr'>τῆς</span> <span class='ocrx_word' id='word_1_282' title='bbox 1053 3823 1207 3902; x_wconf 79' lang='grc' dir='ltr'>περιοχης</span> <span class='ocrx_word' id='word_1_283' title='bbox 1232 3810 1340 3890; x_wconf 80' lang='grc' dir='ltr'>αὐτού,</span> <span class='ocrx_word' id='word_1_284' title='bbox 1381 3888 1384 3896; x_wconf 20' lang='lat' dir='ltr'><strong>f</strong></span> 
     </span>
     <span class='ocr_line' id='line_1_30' title="bbox 1 3936 1340 4046; baseline -0.007 -36"><span class='ocrx_word' id='word_1_285' title='bbox 1 4031 2 4046; x_wconf 22' lang='grc' dir='ltr'>η</span> <span class='ocrx_word' id='word_1_286' title='bbox 60 3943 133 4030; x_wconf 72' lang='grc' dir='ltr'>ὅπερ</span> <span class='ocrx_word' id='word_1_287' title='bbox 159 3943 297 4019; x_wconf 74' lang='grc' dir='ltr'>ἐξέδοτο</span> <span class='ocrx_word' id='word_1_288' title='bbox 319 3942 398 4026; x_wconf 87' lang='grc' dir='ltr'>πρός</span> <span class='ocrx_word' id='word_1_289' title='bbox 421 3941 477 4025; x_wconf 80' lang='grc' dir='ltr'>την</span> <span class='ocrx_word' id='word_1_290' title='bbox 502 3937 633 4026; x_wconf 80' lang='grc' dir='ltr'>μονήνέ</span> <span class='ocrx_word' id='word_1_291' title='bbox 656 3943 970 4027; x_wconf 84' lang='grc' dir='ltr'>προαρχιερατεύσας</span> <span class='ocrx_word' id='word_1_292' title='bbox 995 3939 1027 4006; x_wconf 93' lang='grc' dir='ltr'>ἐν</span> <span class='ocrx_word' id='word_1_293' title='bbox 1044 3951 1082 4026; x_wconf 80' lang='grc' dir='ltr'>τῇ</span> <span class='ocrx_word' id='word_1_294' title='bbox 1106 3939 1241 4025; x_wconf 86' lang='grc' dir='ltr'>Σμύρνη.</span> <span class='ocrx_word' id='word_1_295' title='bbox 1267 3936 1340 4010; x_wconf 86' lang='grc' dir='ltr'>τούς</span> 
     </span>
     <span class='ocr_line' id='line_1_31' title="bbox 62 4061 1338 4152; baseline -0.008 -18"><span class='ocrx_word' id='word_1_296' title='bbox 62 4067 146 4142; x_wconf 81' lang='grc' dir='ltr'>ἐντός</span> <span class='ocrx_word' id='word_1_297' title='bbox 173 4076 233 4134; x_wconf 87' lang='grc' dir='ltr'>τού</span> <span class='ocrx_word' id='word_1_298' title='bbox 260 4067 408 4152; x_wconf 90' lang='grc' dir='ltr'>περιόρυυ</span> <span class='ocrx_word' id='word_1_299' title='bbox 430 4065 546 4151; x_wconf 88' lang='grc' dir='ltr'>ταύτης</span> <span class='ocrx_word' id='word_1_300' title='bbox 571 4061 800 4150; x_wconf 83' lang='grc' dir='ltr'>ἀνεγερθέντας</span> <span class='ocrx_word' id='word_1_301' title='bbox 823 4069 911 4151; x_wconf 85' lang='grc' dir='ltr'>παρὰ</span> <span class='ocrx_word' id='word_1_302' title='bbox 934 4076 994 4132; x_wconf 86' lang='grc' dir='ltr'>τύν</span> <span class='ocrx_word' id='word_1_303' title='bbox 1019 4073 1168 4150; x_wconf 80' lang='grc' dir='ltr'>μοναχῶν</span> <span class='ocrx_word' id='word_1_304' title='bbox 1197 4062 1255 4146; x_wconf 81' lang='grc' dir='ltr'>δύο</span> <span class='ocrx_word' id='word_1_305' title='bbox 1278 4082 1338 4147; x_wconf 88' lang='grc' dir='ltr'>μυ-</span> 
     </span>
     <span class='ocr_line' id='line_1_32' title="bbox 62 4181 1341 4276; baseline -0.005 -18"><span class='ocrx_word' id='word_1_306' title='bbox 62 4194 178 4266; x_wconf 72' lang='grc' dir='ltr'>δῶντες.</span> <span class='ocrx_word' id='word_1_307' title='bbox 201 4194 240 4255; x_wconf 85' lang='grc' dir='ltr'>τό</span> <span class='ocrx_word' id='word_1_308' title='bbox 267 4188 312 4262; x_wconf 89' lang='grc' dir='ltr'>είς</span> <span class='ocrx_word' id='word_1_309' title='bbox 336 4188 391 4274; x_wconf 82' lang='grc' dir='ltr'>την</span> <span class='ocrx_word' id='word_1_310' title='bbox 410 4185 574 4273; x_wconf 78' lang='grc' dir='ltr'>ἐπίσκεψιν</span> <span class='ocrx_word' id='word_1_311' title='bbox 599 4196 654 4273; x_wconf 83' lang='grc' dir='ltr'>τῆς</span> <span class='ocrx_word' id='word_1_312' title='bbox 677 4187 802 4273; x_wconf 74' lang='grc' dir='ltr'>Πάτρας</span> <span class='ocrx_word' id='word_1_313' title='bbox 824 4193 973 4276; x_wconf 79' lang='grc' dir='ltr'>μετόχιυν</span> <span class='ocrx_word' id='word_1_314' title='bbox 990 4185 1087 4255; x_wconf 89' lang='grc' dir='ltr'>αύτυύ</span> <span class='ocrx_word' id='word_1_315' title='bbox 1111 4189 1146 4252; x_wconf 90' lang='grc' dir='ltr'>τό</span> <span class='ocrx_word' id='word_1_316' title='bbox 1170 4185 1215 4260; x_wconf 84' lang='grc' dir='ltr'>τίς</span> <span class='ocrx_word' id='word_1_317' title='bbox 1238 4181 1341 4270; x_wconf 81' lang='grc' dir='ltr'>ὄνομα</span> 
     </span>
     <span class='ocr_line' id='line_1_33' title="bbox 1 4306 1340 4414; baseline -0.01 -29"><span class='ocrx_word' id='word_1_318' title='bbox 1 4409 2 4414; x_wconf 8' lang='lat'>¹</span> <span class='ocrx_word' id='word_1_319' title='bbox 64 4322 240 4402; x_wconf 73' lang='grc' dir='ltr'>τιμώμενον</span> <span class='ocrx_word' id='word_1_320' title='bbox 270 4323 328 4400; x_wconf 79' lang='grc' dir='ltr'>τῆς</span> <span class='ocrx_word' id='word_1_321' title='bbox 358 4307 534 4396; x_wconf 85' lang='grc' dir='ltr'>ύπεράγνυυ</span> <span class='ocrx_word' id='word_1_322' title='bbox 563 4333 623 4396; x_wconf 90' lang='grc' dir='ltr'>μου</span> <span class='ocrx_word' id='word_1_323' title='bbox 647 4313 815 4398; x_wconf 86' lang='grc' dir='ltr'>δεσποίνης</span> <span class='ocrx_word' id='word_1_324' title='bbox 839 4317 895 4377; x_wconf 85' lang='grc' dir='ltr'>καί</span> <span class='ocrx_word' id='word_1_325' title='bbox 923 4315 1123 4398; x_wconf 82' lang='grc' dir='ltr'>θεομήτορος</span> <span class='ocrx_word' id='word_1_326' title='bbox 1147 4313 1202 4374; x_wconf 85' lang='grc' dir='ltr'>καί</span> <span class='ocrx_word' id='word_1_327' title='bbox 1227 4306 1340 4384; x_wconf 85' lang='grc' dir='ltr'>ἐπονο-</span> 
     </span>
     <span class='ocr_line' id='line_1_34' title="bbox 65 4429 1344 4530; baseline -0.006 -22"><span class='ocrx_word' id='word_1_328' title='bbox 65 4446 245 4530; x_wconf 74' lang='grc' dir='ltr'>μαζόμενον</span> <span class='ocrx_word' id='word_1_329' title='bbox 275 4447 332 4504; x_wconf 89' lang='grc' dir='ltr'>τού</span> <span class='ocrx_word' id='word_1_330' title='bbox 361 4433 509 4508; x_wconf 85' lang='grc' dir='ltr'>Πλατέυς</span> <span class='ocrx_word' id='word_1_331' title='bbox 539 4439 619 4522; x_wconf 86' lang='grc' dir='ltr'>μετὰ</span> <span class='ocrx_word' id='word_1_332' title='bbox 648 4444 704 4522; x_wconf 80' lang='grc' dir='ltr'>τῆς</span> <span class='ocrx_word' id='word_1_333' title='bbox 731 4447 883 4522; x_wconf 76' lang='grc' dir='ltr'>περιοχῆς</span> <span class='ocrx_word' id='word_1_334' title='bbox 912 4441 969 4503; x_wconf 91' lang='grc' dir='ltr'>καί</span> <span class='ocrx_word' id='word_1_335' title='bbox 992 4445 1053 4500; x_wconf 82' lang='grc' dir='ltr'>τῶν</span> <span class='ocrx_word' id='word_1_336' title='bbox 1080 4431 1212 4508; x_wconf 78' lang='grc' dir='ltr'>δικαίων</span> <span class='ocrx_word' id='word_1_337' title='bbox 1236 4429 1344 4503; x_wconf 85' lang='grc' dir='ltr'>αύτοό.</span> 
     </span>
     <span class='ocr_line' id='line_1_35' title="bbox 1 4556 1346 4666; baseline -0.008 -33"><span class='ocrx_word' id='word_1_338' title='bbox 1 4657 2 4666; x_wconf 14' lang='lat'>¹</span> <span class='ocrx_word' id='word_1_339' title='bbox 147 4567 262 4636; x_wconf 81' lang='grc' dir='ltr'>Ταῦτα</span> <span class='ocrx_word' id='word_1_340' title='bbox 287 4564 328 4650; x_wconf 83' lang='grc' dir='ltr'><strong>δὴ</strong></span> <span class='ocrx_word' id='word_1_341' title='bbox 354 4563 461 4630; x_wconf 88' lang='grc' dir='ltr'>πάντα</span> <span class='ocrx_word' id='word_1_342' title='bbox 483 4561 615 4654; x_wconf 74' lang='grc' dir='ltr'>καθίετε</span> <span class='ocrx_word' id='word_1_343' title='bbox 643 4563 701 4624; x_wconf 77' lang='grc' dir='ltr'>καί</span> <span class='ocrx_word' id='word_1_344' title='bbox 723 4563 945 4654; x_wconf 80' lang='grc' dir='ltr'>νεμηθήσεται</span> <span class='ocrx_word' id='word_1_345' title='bbox 972 4556 992 4645; x_wconf 84' lang='grc' dir='ltr'>ἡ</span> <span class='ocrx_word' id='word_1_346' title='bbox 1021 4559 1152 4646; x_wconf 88' lang='grc' dir='ltr'>τοιαύτη</span> <span class='ocrx_word' id='word_1_347' title='bbox 1182 4561 1346 4654; x_wconf 80' lang='grc' dir='ltr'>σεβασμίιι</span> 
     </span>
     <span class='ocr_line' id='line_1_36' title="bbox 1 4681 1341 4780; baseline -0.007 -24"><span class='ocrx_word' id='word_1_348' title='bbox 1 4721 2 4776; x_wconf 62' lang='grc' dir='ltr'>γ</span> <span class='ocrx_word' id='word_1_349' title='bbox 64 4694 138 4778; x_wconf 75' lang='grc' dir='ltr'>μονὴ</span> <span class='ocrx_word' id='word_1_350' title='bbox 168 4702 209 4779; x_wconf 79' lang='grc' dir='ltr'>τη</span> <span class='ocrx_word' id='word_1_351' title='bbox 239 4691 378 4780; x_wconf 81' lang='grc' dir='ltr'>δυνάμει</span> <span class='ocrx_word' id='word_1_352' title='bbox 407 4681 761 4770; x_wconf 75' lang='grc' dir='ltr'>καίὲπικυριύσειτού</span> <span class='ocrx_word' id='word_1_353' title='bbox 788 4688 944 4770; x_wconf 86' lang='grc' dir='ltr'>παρόντος</span> <span class='ocrx_word' id='word_1_354' title='bbox 973 4685 1213 4780; x_wconf 79' lang='grc' dir='ltr'>χρυσυβσύλλου</span> <span class='ocrx_word' id='word_1_355' title='bbox 1242 4686 1341 4764; x_wconf 82' lang='grc' dir='ltr'>λόγου</span> 
     </span>
    </p>
   </div>
   <div class='ocr_carea' id='block_1_5' title="bbox 0 0 1631 5296">
    <p class='ocr_par' dir='ltr' id='par_1_5' title="bbox 0 0 1631 5296">
     <span class='ocr_line' id='line_1_37' title="bbox 0 0 1631 5296; baseline 0 0"><span class='ocrx_word' id='word_1_356' title='bbox 0 0 1631 5296; x_wconf 95' lang='lat' dir='ltr'> </span> 
     </span>
    </p>
   </div>
  </div>
 </body>
</html>
