3140 5284
1263 255 1324 322 199

139 449 157 525 †
181 443 279 532 Εἶχον
305 451 363 533 μὲν
386 449 533 524 διενὲξεις
557 453 610 512 ταί
635 449 801 536 διαμάχαις
826 446 843 514 ὅ
868 471 899 513 τε
924 451 1123 534 βεατιαρίτης
1147 459 1202 536 της
1228 447 1323 532 βατὶ-

57 572 139 642 λείας
162 591 232 657 μου,
256 569 438 659 Ἰωάννηςὸ
462 569 727 660 Ῥαβδατανάτης
743 577 799 638 ταί
821 569 841 661 ἡ
866 575 951 638 κατὰ
976 569 1118 658 Σμύρνην
1135 571 1323 659 διακειμένη

59 697 213 780 σεβασμία
242 697 322 782 μονὴ
352 707 412 760 τιῦν
435 693 570 782 Αὲμβων
600 701 671 782 περί
698 719 781 770 τινος
810 706 868 782 γῆς
897 695 1103 784 διακειμένης
1127 694 1174 770 είς
1198 699 1233 760 τύ
1257 697 1322 760 δω-

58 823 150 906 ρηθὲν
180 814 262 906 αύτη
297 823 416 906 χωρίον
451 821 506 906 τὴν
533 817 642 906 Βάρην
677 823 762 906 παρὰ
791 829 846 906 της
877 821 1043 904 βασιλείας
1074 841 1136 906 μου
1170 817 1243 908 ἤτοι
1283 823 1323 884 τὰ

57 941 156 1030 Μηλα,
182 947 240 1008 ταί
265 941 451 1008 ἀνεκαλεῖτο
480 943 534 1030 τὴν
563 945 710 1030 τοιαύτην
738 953 796 1030 γῆν
820 939 836 1008 δ
864 941 1140 1032 Ῥαβδοκανάτης,
1170 941 1212 1017 ίυς
1235 947 1321 1008 τατὰ

57 1069 146 1146 λάχον
174 1070 309 1154 προικὸς
337 1069 488 1132 δοθεῖσαν
518 1062 602 1154 αύτῷ
628 1071 717 1154 παρὰ
744 1077 799 1134 τοῦ
827 1069 985 1154 πενθεροῦ
1014 1065 1111 1135 αύτοῦ
1139 1077 1194 1134 τοῦ
1218 1065 1322 1134 Βλατ-

58 1201 141 1278 τεροῦ
165 1189 291 1256 ἐκείνου
317 1189 489 1256 Βασιλείου
513 1191 566 1255 διὰ
590 1195 772 1279 συμρύνου,
803 1193 1037 1278 περιελθοῦσαν
1066 1191 1102 1256 δὲ
1126 1191 1168 1278 τῷ
1189 1193 1322 1278 τοιούτῳ

58 1313 221 1404 Βλαττερηῑ
246 1313 278 1390 ἐξ
302 1313 479 1402 ἀγορασίας
500 1313 562 1380 ἀπὸ
587 1323 646 1379 τιῦν
672 1313 703 1380 ἐν
720 1313 763 1402 τῷ
786 1319 892 1402 χωρίῳ
917 1325 977 1382 τοῖν
1006 1313 1125 1403 Μήλαν
1148 1317 1320 1401 προσκαθ-

58 1445 175 1524 ημενιιν
211 1439 490 1525 Γυυναροπούλων,
519 1448 574 1504 τοῦ
605 1461 638 1502 τι
663 1436 810 1526 Μιχαηλ,
842 1448 898 1506 τοῦ
926 1437 1072 1506 Ἰωάννου
1102 1443 1159 1504 ταί
1182 1449 1236 1506 τοῦ
1260 1437 1322 1505 Νι-

58 1567 146 1650 τητα,
173 1569 232 1630 καί
263 1561 322 1630 ύπύ
349 1561 518 1650 παραιτίαν
541 1563 713 1628 τελούντων
746 1558 844 1650 αύτῷ,
879 1565 915 1628 τό
943 1563 979 1628 δὲ
1009 1567 1106 1650 μέρος
1140 1573 1197 1650 της
1226 1573 1324 1651 μονῆς

60 1697 111 1750 τῶν
137 1687 278 1774 Δὲμβων
308 1686 340 1764 ἐξ
367 1686 511 1761 ἐναντίας
540 1689 640 1774 τούτῳ
672 1685 801 1774 λφέρετο
836 1687 1126 1774 διισχυριζόμενον,
1161 1687 1323 1775 διαρίρειν

6 1841 7 1844 “
60 1807 135 1896 αύτῷ
156 1815 215 1900 την
241 1813 389 1898 τοιαύτην
413 1819 481 1898 γῆν,
506 1808 549 1885 ύς
573 1805 671 1878 οὖσαν
697 1807 758 1878 ἀπὸ
783 1821 843 1876 των
871 1811 1004 1876 δικαίων
1028 1819 1084 1876 τοῦ
1112 1815 1230 1898 χωρίου
1262 1821 1323 1877 τῶν

58 1932 180 2022 Μηλων,
212 1945 269 2002 τοῦ
301 1935 505 2022 δωρηθέντος
533 1930 614 2022 αύτη
644 1938 731 2022 παρὰ
758 1944 814 2022 τῆς
845 1935 1011 2019 βασιλείας
1039 1956 1110 2021 μου,
1138 1939 1194 2000 καί
1221 1936 1321 2022 ψευδῆ

58 2064 108 2122 ταῖ
133 2061 321 2145 παράλογον
350 2063 515 2139 χεηονίναι
541 2059 597 2146 τὴν
625 2059 794 2144 διάπρασιν
825 2062 957 2146 ταύτης,
989 2055 1033 2132 ὣς
1061 2055 1120 2124 ύπά
1151 2063 1322 2144 παραιτίαν

5 2225 6 2232 1
59 2183 205 2270 τελούσης
234 2187 291 2248 ταί
327 2181 360 2259 λί
387 2181 491 2248 ἄλλων
519 2187 577 2268 μὲν
611 2183 823 2248 δικαιοῦσθαι
851 2181 964 2268 αύτήν,
993 2181 1078 2249 ἀλλὰ
1106 2183 1145 2270 δὴ
1174 2187 1230 2248 καί
1260 2180 1322 2248 ἀπὸ

4 2343 5 2400 j
59 2316 105 2372 τοῦ
128 2309 300 2395 σύμφημον
325 2315 381 2394 της
404 2305 508 2372 ἐκεῖσε
531 2309 642 2394 χώρας
667 2313 838 2394 μαρτυρίαν
860 2305 1016 2387 γενέσθαι
1038 2311 1109 2393 περί
1132 2316 1189 2395 τῆς
1212 2307 1322 2372 τοιαύ-

59 2453 107 2516 της
133 2441 203 2517 της
243 2429 310 2496 ἐπεί
337 2432 372 2496 δὲ
396 2435 436 2496 τά
458 2435 529 2516 περί
551 2439 608 2518 τῆς
631 2433 780 2519 τοιαύτης
808 2427 994 2505 ύποθὲσεως
1016 2434 1105 2517 παρὰ
1129 2429 1172 2517 τῷ
1193 2453 1323 2517 περιτο-

3 2598 5 2616 ,
59 2557 140 2642 θήτιρ
178 2551 368 2643 αύταδίλρρ
397 2563 452 2642 της
488 2555 654 2641 βασιλείας
679 2577 749 2642 μου,
780 2555 822 2642 τῷ
849 2555 1011 2644 Κομνητηί
1038 2553 1124 2642 τυρῷ
1153 2554 1322 2642 Δημητρίῳ

59 2681 95 2764 τῷ
114 2678 267 2766 Τορνίτη,
293 2678 504 2766 λλοληθησαν
531 2683 588 2747 ταί
613 2677 819 2768 ίτηρηθηοαν
842 2673 914 2766 παρ’
940 2674 1052 2761 αὐτοῦ,
1082 2684 1243 2766 παρουσία
1266 2684 1324 2744 ταί

57 2812 104 2868 τοῦ
135 2801 388 2890 Ῥαβδυτανάτη
418 2806 475 2868 ταί
508 2813 562 2870 τοῦ
587 2807 704 2890 μίμους
737 2813 793 2891 τῆς
827 2798 985 2894 βηθείοης
1010 2813 1119 2892 μονῆς,
1156 2803 1270 2882 διίγνω
1304 2800 1321 2867 ύ

57 2920 161 3012 ῥηθεὶς
191 2921 393 3014 αύτάδελρος
426 2936 482 3016 της
510 2927 676 3011 βασιλείας
705 2948 767 3014 μου
795 2923 812 2991 ὁ
841 2926 1009 3016 Μομνηνύς
1039 2930 1095 2992 ταί
1126 2925 1321 3016 ἀπεφήνατο,

57 3047 92 3124 ύς
118 3047 181 3117 ούτ
210 3047 347 3139 ὤφειλον
377 3049 407 3114 υἱ
433 3049 689 3137 Γαυναρύπουλυι
716 3051 918 3138 διαπωλησαι
950 3053 1029 3136 πρὸς
1057 3053 1111 3116 τδν
1140 3049 1320 3135 Βλαττερόν

57 3175 103 3260 τὴν
130 3177 283 3262 τοιαύτην
313 3183 371 3260 γῆν
394 3175 448 3238 διὰ
472 3177 507 3238 τύ
533 3170 591 3240 ύπδ
615 3180 784 3260 παραιτίαν
813 3175 913 3240 τελεῖν
937 3175 1052 3261 ταύτην
1081 3175 1203 3261 καὶμὴ
1228 3168 1319 3260 ίιρεί-

54 3299 110 3364 λειν
132 3299 210 3373 τούς
235 3293 395 3364 ὑποτελεῖν
420 3301 606 3384 πιπράσκειν
631 3301 669 3363 τὰ
693 3293 766 3386 παρ’
793 3294 894 3363 αύτιῦν
918 3302 1124 3385 ταττχύμενα
1146 3300 1224 3384 πρὸς
1244 3299 1318 3370 τούς

54 3429 129 3487 κατὰ
150 3423 250 3502 λάχον
278 3425 437 3508 προνοίας,
463 3421 598 3508 ίχοντας
626 3417 708 3486 αὐτὰ
731 3419 774 3495 ίος
802 3417 860 3488 ύπύ
885 3423 939 3509 τὴν
964 3432 1019 3488 τοῦ
1042 3421 1200 3509 δημοσίου
1224 3433 1318 3508 χεῖρα

54 3545 171 3613 ἀείτοτε
202 3547 364 3622 τελοῦντα,
392 3549 448 3609 καί
482 3545 535 3610 διὰ
564 3555 655 3610 τοῦτο
684 3545 809 3610 δίκαιον
839 3543 905 3610 ἐστί
934 3549 969 3610 τὸ
997 3547 1052 3632 την
1082 3548 1231 3632 τοιαύτην
1256 3557 1314 3634 την

52 3673 251 3758 κατέχεσθαι
280 3671 336 3754 μίν
369 3671 455 3754 παρά
490 3677 546 3755 της
574 3679 671 3756 μονῆς
699 3679 759 3732 τῶν
787 3667 936 3756 Λίμβων,
966 3667 1009 3743 ιδς
1038 3667 1135 3736 ούσαν
1165 3668 1227 3734 ἀπὸ
1255 3681 1316 3733 των

52 3797 176 3860 δικαίων
206 3799 405 3880 τοῦχωρίου
435 3789 546 3869 αὐτοῦ,
571 3793 624 3857 διὰ
652 3795 687 3857 τύ
716 3797 771 3857 καί
799 3795 856 3866 τὰς
885 3804 1036 3874 γυναῖκας
1064 3805 1124 3859 τῶν
1152 3791 1315 3878 Γυυναρο-

53 3922 183 3998 πούλων,
221 3927 276 3982 τοῦ
304 3939 338 3982 τε
365 3915 509 3983 Ἰωάννου
532 3919 588 3980 ταί
611 3925 665 3982 τοῦ
693 3913 840 4003 Μιχαὴλ,
866 3917 913 3982 ἔτι
941 3917 984 4003 τῷ
1007 3919 1064 4004 βίῳ
1086 3931 1237 4005 περιεῖναι
1259 3917 1316 3981 ταί

55 4040 104 4108 ύτδ
130 4045 305 4129 παραιτίαν
333 4042 431 4106 τελεῖν
460 4051 498 4126 τη
529 4051 624 4126 μονη,
660 4042 713 4105 τὸν
741 4039 776 4104 δὲ
806 4037 1070 4130 Ῥαβδοτανάκην
1094 4042 1136 4128 μὴ
1168 4041 1314 4128 ἔχειντί

56 4164 108 4232 ἀπὸ
130 4167 225 4232 τοῦδι
245 4165 370 4230 δίκαιον
395 4187 423 4228 τι
448 4159 494 4228 ἐπ’
520 4157 611 4250 αὐτη,
634 4173 838 4249 παραστῆσαι
860 4163 896 4228 δὲ
920 4161 960 4229 δι’
984 4159 1081 4250 ύρτου
1105 4163 1147 4239 ὣς
1171 4165 1225 4251 τήν
1245 4187 1313 4228 τοι·

56 4293 141 4378 αύτην
163 4287 354 4378 ἀμρίμαχον
375 4299 433 4376 την
458 4283 474 4353 ύ
497 4291 653 4374 πενθερὸς
679 4285 784 4369 αύτοῦ,
811 4287 828 4354 δ
852 4287 1040 4375 Βλαττερός,
1064 4285 1222 4375 ἠγόρασεν
1248 4286 1311 4352 ἀπὸ

55 4425 104 4478 τῶν
137 4409 304 4502 ῥηθέντων
336 4411 602 4499 Γυυναροπούλων
637 4415 692 4476 ταί
728 4407 886 4496 ύπὲρπυρα
921 4411 1060 4476 δέδωκεν
1096 4412 1141 4486 είς
1176 4413 1311 4498 τοσήνδε

56 4535 139 4626 ῥητὴν
165 4543 333 4626 ποσότητα
364 4539 588 4622 περιιοτάμενα
615 4539 711 4622 χάριν
748 4533 868 4620 ἀγοραῖς
897 4546 951 4621 της
979 4539 1127 4624 τοιαύτης
1156 4549 1224 4624 ρης,
1255 4545 1312 4600 καί

56 4659 125 4730 ούτω
147 4668 205 4752 μὲν
230 4663 290 4748 τὴν
315 4661 459 4746 τοιαύτην
484 4660 524 4724 δι’
549 4655 646 4745 ύρτου
671 4657 829 4734 ἀπόδειξιν
847 4655 1093 4748 ἁντιστραρηναι
1117 4661 1202 4748 αύτηῑ
1224 4668 1311 4750 παρὰ
