3140 5306
1245 283 1312 348 22?

132 469 227 550 †‘0
265 467 461 558 εὐτελὴς
496 469 648 558 ἱερεύς
683 477 760 537 καί
794 476 989 559 νομικός
1027 471 1309 559 Γεωργιυςό

39 591 1310 683 Γουναρόπουλοςγράψαςκαίμαρτυρῶνύπόγραψαβ.

290 857 406 925 CXLII.
427 850 782 935 6794-1286,ἰυσυευ
797 858 882 940 iulio,
899 859 965 926 ind.
983 859 1061 926 le.

118 1007 242 1060 Alaina
256 971 367 1062 Ροίίιωε
382 1017 409 1062 τί
418 1005 539 1078 familia
553 1009 725 1062 πεοκαεττνίο
740 1007 864 1062 vendunt
879 1025 994 1080 σαοιραε
1009 1011 1040 1062 in
1056 1007 1114 1062 ίυοο
1130 1005 1226 1066 Baro.

122 1163 145 1238 †
182 1157 239 1224 Τύ
280 1161 540 1245 πρατήριον
577 1105 788 1234 Ἀλεξίου
821 1167 897 1222 τοῦ
932 1159 1089 1224 Πύθου
1122 1165 1306 1246 καὶτῆς

40 1284 271 1360 γυναικός
298 1285 377 1346 καί
405 1291 487 1344 των
512 1281 687 1346 παίδων
719 1277 859 1346 αὐτοῦ
887 1284 1023 1368 χάριν
1058 1291 1134 1347 τοῦ
1162 1305 1303 1370 χωρα-

39 1413 156 1492 ρίου,
181 1401 324 1490 οὗπερ
348 1403 477 1491 εἶχεν
501 1403 841 1493 εἰςτηνΒάρην
865 1410 895 1486 †.

120 1545 207 1628 ΓΟ
235 1546 404 1620 δοῦλος
439 1554 516 1611 τοΐι
551 1555 783 1634 κραταιοῦ
818 1551 894 1613 καί
921 1543 1059 1626 ἁγίου
1086 1542 1207 1634 ἡμῶν
1235 1544 1302 1612 αό-

41 1645 211 1735 θὲντου
254 1673 333 1734 καί
373 1669 604 1754 βασιλέως
648 1669 855 1746 Ἀλόξιος
894 1667 911 1736 ό
951 1669 1106 1742 Πόθος
1143 1669 1301 1753 οἰκεία

40 1797 475 1881 χειρίπροέταξαγ.

120 1919 223 1997 Σίγνα
245 1916 382 2004 Μαρίας,
406 1928 462 2004 της
487 1919 620 2004 συμβίου
644 1913 752 1996 αύτοό,
772 1916 926 1995 Ἰωάννου,
948 1925 1003 1982 τού
1022 1915 1090 1982 υἱοό
1107 1915 1203 1982 αὐτοῦ
1217 1915 1298 1984 Ἀν-

40 2065 99 2127 νης,
123 2041 266 2128 Κυρήνης
289 2045 346 2106 καί
370 2040 550 2126 Θεοδώρας,
574 2051 635 2106 τῶν
659 2043 843 2128 θυγατέρων
867 2035 973 2106 αύτού.

118 2161 218 2245 γ’Ἐν
249 2161 380 2249 όνόματι
407 2184 437 2228 κ.
462 2187 488 2230 τ.
513 2162 539 2230 ἐ.
563 2161 653 2252 ἡμείς
677 2162 707 2228 οἱ
735 2162 860 2228 ἄνωθεν
876 2213 883 2228 .
902 2212 935 2230 ..
964 2166 1125 2250 τιθίμεθα
1148 2168 1204 2228 καί
1225 2185 1298 2230 ποι-

41 2297 127 2373 οῦμεν
147 2337 157 2354 .
174 2336 209 2354 ..
244 2290 322 2372 πρός
355 2289 410 2374 την
446 2287 623 2374 σεβασμίαν
656 2291 713 2352 καί
748 2287 916 2374 βασιλικὴν
951 2289 1048 2374 μονὴν
1077 2297 1135 2352 τῶν
1162 2287 1297 2373 Λεμβων

41 2417 88 2476 καί
113 2413 193 2496 πρὸς
222 2413 275 2474 τόν
303 2408 335 2474 ἐν
359 2407 439 2498 αύτη
467 2407 700 2498 ἡγεμονεύοντα
722 2417 782 2496 κύρ
809 2409 991 2476 Κάλλιστον
1012 2459 1020 2478 .
1044 2459 1051 2476 .
1073 2461 1081 2478 .
1105 2411 1159 2498 την
1182 2421 1298 2496 πρᾶσιν

121 2535 240 2610 καθὼς
267 2534 505 2622 δηλωθήσεται.
544 2539 600 2600 καί
627 2539 688 2620 γὰρ
717 2539 756 2600 τά
783 2537 932 2622 χωράρια
958 2531 1047 2622 ἡμων
1076 2539 1114 2600 τά
1142 2533 1225 2600 ὄντα
1240 2539 1296 2600 καί

42 2659 221 2744 διακείμενα
248 2655 281 2722 όν
309 2669 348 2746 τη
382 2661 560 2744 τοποθεσία
587 2666 642 2744 της
676 2657 786 2746 Βάρης
809 2661 848 2722 τά
881 2662 938 2722 καί
959 2658 1094 2745 πλησίον
1129 2655 1206 2724 ὄντα
1239 2669 1294 2724 τοῦ

43 2783 174 2871 άότλιροό
202 2803 273 2868 μου,
300 2791 398 2867 πυροῦ
421 2779 565 2846 Ἰωάννου
589 2789 643 2846 τοῦ
666 2779 789 2858 Πύθου,
816 2777 914 2868 ἤγουν
948 2785 988 2845 τά
1016 2780 1056 2846 λα
1081 2791 1137 2868 της
1165 2790 1294 2868 γονικης

42 2903 121 2992 ἡμῶν
133 2906 349 2992 κληρονομίας
364 2908 404 2969 τὰ
418 2899 518 2991 ἡμίση
535 2906 616 2989 μετὰ
630 2907 752 2970 πάντων
770 2913 829 2968 των
845 2904 975 2969 δικαίων
991 2900 1103 2981 αὐτῶν,
1119 2906 1175 2968 καί
1188 2905 1292 2984 λόγων

44 3035 132 3114 μίσον
154 3025 242 3115 ἡμῶν
276 3031 472 3114 κινηθέντων
493 3031 564 3114 περί
586 3035 641 3092 τοῦ
669 3029 845 3114 τιμήματος
868 3022 971 3092 αὐτῶν
998 3025 1164 3112 ἐσύστερον
1185 3047 1291 3114 περιε-

44 3156 193 3239 οτίγσσμεν
221 3147 305 3235 αύτῷ
333 3149 380 3223 είς
407 3149 566 3236 ύπίρπυρα
593 3151 766 3214 δεκαεννέα
788 3155 846 3214 καί
877 3149 1057 3236 ίππαρίππιν
1080 3159 1172 3237 τιμῆς
1199 3146 1292 3236 ύπερ-

44 3279 136 3362 τύρων
158 3276 281 3353 θεκαὲξ,
306 3271 398 3340 ἅτινα
421 3275 459 3361 δὴ
484 3278 540 3340 καί
561 3275 713 3359 λαβόντες
736 3271 798 3340 ἀπὸ
822 3283 882 3338 τῶν
909 3283 1024 3361 χειρῶν
1049 3269 1133 3359 ύμιῐιν
1159 3277 1290 3340 καί...

45 3409 92 3465 τοῦ
114 3399 147 3465 ἰν
169 3409 321 3485 μοναχοίς
344 3405 441 3484 κυροῖε
472 3397 706 3484 Θεοστηρίκτου
722 3447 730 3462 .
747 3443 782 3463 ..
810 3395 1013 3482 ἔκχωροῖιμεν
1042 3392 1111 3483 ύμῖν
1139 3397 1290 3483 ἐπιλαβό-

46 3526 117 3586 σθαι
144 3519 251 3600 αύτων,
278 3523 335 3586 καί
362 3516 513 3585 ούύὲποτε
536 3521 730 3606 χωρήσωμεν
752 3522 829 3604 πρός
850 3517 1027 3606 ἀνατροπὴν
1050 3529 1106 3606 της
1128 3524 1291 3610 παρούσης

45 3641 121 3731 ἡμῶν
152 3647 303 3730 πράσεως.
340 3640 427 3716 ὅστις
461 3643 497 3706 δὲ
533 3640 566 3718 ke
598 3637 687 3728 ἡμῶν
722 3643 871 3730 βουληθῇ
899 3639 1081 3730 ἀνατρέψαι.
1100 3639 1239 3723 εὐλόγως
1269 3643 1289 3731 ἢ

47 3765 222 3848 ἀνεολόγως,
247 3763 284 3834 ού
306 3769 348 3854 μη
373 3765 719 3852 εἰσακουσθησόμεθα,
744 3763 829 3830 ἀλλὰ
851 3771 908 3831 καὶ
930 3768 1049 3840 δόσεως
1072 3767 1169 3847 λόγου
1191 3789 1290 3853 προσ-

48 3898 126 3977 τίμου
151 3885 389 3976 ύτοκεισόμεθα
415 3891 492 3975 πρὸς
519 3891 554 3953 τὸ
583 3889 748 3972 βασιλευτὸν
776 3890 957 3974 βεστιάριον
981 3887 1158 3976 ύπερπύρων
1181 3851 1288 3976 λίτραν

51 4011 534 4101 μίακμηνίίουλίῳίνδ.
559 4014 607 4077 ιδ’
634 4017 711 4077 τού
736 4009 864 4098 §vl-18¹
891 4013 1076 4094 ἔτυυςῒ.

121 4155 289 4242 Μάρτυρες·
316 4152 461 4240 Ἰωάννης
489 4151 506 4220 ό
533 4153 808 4241 Μουρμουντανός,
840 4153 1004 4230 Νικόλαος
1032 4152 1049 4220 ὁ
1075 4151 1287 4241 Μαγκούρης,

51 4279 261 4354 Κωνσταντῐνυς
286 4275 303 4344 ό
325 4277 488 4364 Ῥαδηνός.
530 4325 536 4336 .
579 4345 580 4348 ,

121 4420 189 4503 †‘0
216 4421 389 4492 δούλας
423 4425 501 4482 τού
535 4427 766 4503 κραταιοῦ
800 4421 877 4483 καί
906 4416 1041 4497 ἁγίου
1067 4413 1188 4504 ἡμῶν
1216 4413 1287 4483 αύ-

53 4549 192 4612 θέντσυ
226 4551 309 4609 τοῦ
338 4541 579 4626 βασιλέως,
607 4539 882 4627 Γεωργιοςύ
911 4539 1287 4628 Πετρίτζηςρτήν

54 4661 1021 4756 ετρουσανἔγγραφυνμαρτυρωνύπίγραψ
1079 4669 1107 4744 †.

1009 4770 1077 4828 1⁸·
