3168 5274
259 251 322 313 ²92

259 443 460 506 διεσκέπτετο
485 444 639 526 καὶπρὸς
663 445 697 508 τά
726 446 827 528 τέρμα
855 452 910 529 της
940 439 1124 515 ὑποθέσεως
1153 437 1187 505 εὐ
1204 487 1339 505 ......
1367 437 1533 525 ἀπόφασιν

260 563 467 651 ἐζητήθησαν
491 561 544 630 οὖν
562 614 673 632 .....
698 565 728 630 οἱ
755 575 810 631 τοῦ
839 570 952 652 μέρους
980 575 1035 652 τῆς
1063 565 1280 650 Ἐπισκέψεως
1307 536 1362 628 που
1386 561 1534 648 Σαμψών

260 685 422 763 ἀποδεῖξαι
438 735 446 752 .
465 736 498 753 ..
521 691 578 752 καί
602 683 685 762 ὅπως
707 693 764 753 καί
787 685 873 755 οὗτοι
896 692 930 754 τό
955 688 1117 776 εἰρημένον
1141 691 1407 774 προάστειον...
1436 685 1468 749 οἱ
1494 687 1533 748 δέ

261 811 358 897 μηδὲν
387 807 425 874 ἐκ
453 819 507 874 τοῦ
536 817 716 896 παραυτίκα
750 810 920 900 ἐμφανίσαι
956 815 1092 897 γραπτὸν
1125 812 1287 896 δικαίωμα
1323 810 1452 896 ἔχοντες
1493 808 1534 872 ἐκ

260 937 392 1019 πρώτης,
419 929 435 997 ὅ
460 955 546 1022 φασι,
573 944 629 1020 τῆς
654 933 826 1023 ἀφετηρίας
843 932 1020 1021 ἀνέδραμον
1045 935 1090 1008 εἰς
1115 932 1195 1019 άπερ
1218 933 1340 998 οἴδασιν
1366 932 1404 1008 ἐξ·
1422 931 1534 1018 ἀρχῆς

13 1139 16 1146 ¹
138 1111 147 1127 x
258 1060 317 1142 πρὸ
346 1065 399 1122 τοῦ
429 1057 540 1140 Σάββα
569 1061 722 1143 πρόσωπα
750 1057 988 1146 ἐπικτήσασθαι
1017 1061 1071 1145 την
1106 1064 1177 1122 κατ’
1202 1055 1318 1130 αὐτοὺς
1340 1057 1534 1142 Ἐπίσκεψτν

258 1190 312 1246 τοῦ
341 1181 496 1266 Σαμψών,
521 1177 588 1246 οἷον
617 1184 669 1246 τὸν
698 1181 896 1268 Καλάμανον
928 1181 1047 1247 ἐκεῖνον
1070 1185 1127 1245 καί
1154 1182 1227 1254 τούς
1256 1175 1323 1265 μετ’
1354 1175 1464 1244 αιίτὸνι
1485 1200 1534 1242 κα

260 1307 321 1369 άπό
345 1313 401 1390 τῆς
426 1305 459 1380 ἐξ
476 1302 614 1382 ἐκείνων,
636 1302 679 1377 ώς
704 1305 825 1385 ἔλεγον,
849 1309 905 1370 καί
923 1303 1028 1380 αὐτοῖς
1050 1307 1323 1391 προσαρμοσάσης
1347 1311 1447 1388 νομῆς
1475 1311 1534 1366 τοῦ

259 1427 503 1512 Ἀλεξανδρείου
537 1428 748 1492 δικαιοῦσθαι
781 1432 836 1493 καί
871 1425 960 1494 αὐτοὶ
993 1429 1242 1514 προεβάλλοντο,
1284 1426 1351 1492 εἶτα
1385 1429 1534 1512 πρύμναν

262 1547 365 1636 ὥσπερ
400 1555 612 1638 κρουσάμενοι
649 1555 704 1615 καί
738 1553 792 1638 τήν
828 1563 966 1616 νικῶσαν
1005 1553 1242 1638 κληρώσασθατ
1279 1553 1533 1634 τοιουτοτρόποις

262 1671 516 1748 θτιοτοπάσανιες
532 1673 674 1761 χαρτῴέν
691 1699 720 1739 τι
744 1675 903 1764 ἔγγραφον
919 1680 1144 1760 προεκόμισαν,
1162 1677 1349 1762 φαινόμενον
1368 1676 1532 1758 συντεθῆ-

181 1800 182 1803 ’
261 1819 312 1862 ναι
338 1801 424 1883 παρὰ
452 1807 507 1862 τοῦ
534 1798 684 1884 Βατάτίη
713 1797 959 1885 έκείνουκυροδ
986 1799 1158 1865 Βασιλείου
1186 1793 1257 1862 κατ’
1283 1795 1386 1862 ἐκεῖνο
1409 1807 1532 1882 καιροῦ

261 1925 518 2008 χρηματίσαντος
545 1922 661 1995 δουκός
689 1921 745 1986 καὶ
773 1921 990 2010 ἀντιγραφέως
1018 1921 1049 1986 ἐν
1078 1921 1121 2007 τηῖ
1154 1920 1309 2009 εἰρημένῳ
1345 1923 1485 2004 θέματι,
1515 1919 1531 1982 δ

261 2047 343 2132 δῆτα
366 2044 524 2132 ἔγγραφον
548 2049 604 2118 καί
631 2041 788 2132 ἠλέγχετο
817 2043 854 2110 ἐκ
878 2051 932 2110 τοδ
955 2049 1108 2130 προτέρου
1139 2047 1365 2131 νενοθευμένυν
1390 2047 1450 2106 καί
1474 2065 1532 2106 πε-

167 2256 177 2272 ,
261 2170 440 2254 πλασμένον
471 2165 522 2234 ἀπ’
559 2166 655 2256 αὐτῆς
683 2191 716 2233 τε
744 2178 800 2256 τῆς
835 2167 996 2242 ἐκθέσεως
1031 2177 1085 2234 τοῦ
1115 2166 1411 2254 ἐγκατεστρωμένου
1441 2170 1532 2252 τάχα

262 2296 362 2375 τούτῳ
386 2295 630 2377 προστάγματος
654 2289 697 2364 ώς
713 2287 926 2356 δποσολοίκου
950 2290 1038 2365 ὄντος
1054 2296 1111 2356 καί
1134 2293 1169 2356 τὸ
1194 2287 1267 2354 ὅλον
1292 2287 1532 2374 θποβαρβάρου,

264 2414 428 2481 ἀλλὰκαὶ
456 2412 517 2480 ἀπὸ
546 2425 600 2501 τῆς
613 2397 825 2500 »ἀκολουθίας
849 2427 908 2480 τών
932 2425 986 2480 τοῦ
1011 2414 1143 2502 ἐδαφίου
1167 2418 1358 2500 γραμμάτων
1387 2423 1445 2499 τῆς
1470 2435 1535 2478 πα-

264 2541 441 2626 ραδόσεως,
471 2509 628 2625 ἐρρίπτετο
652 2540 688 2604 δέ
712 2543 768 2604 καί
793 2539 899 2614 ἄλλως
924 2537 985 2603 ἀπὸ
1010 2547 1064 2603 τοῦ
1094 2541 1216 2624 μηδένα
1240 2549 1298 2601 τών
1324 2536 1534 2623 ἐγκαταγρα-

185 2699 205 2717 ι’
263 2667 380 2752 φέντων
405 2659 489 2750 αὐτῷ
509 2667 566 2726 καί
589 2661 633 2736 είς
656 2664 711 2749 τὴν
739 2664 923 2754 λεγομένην.
943 2665 1059 2748 ταύτην
1086 2663 1263 2747 παράδοσιν
1290 2665 1533 2746 παρουσιασάν-

142 2843 145 2849 Α
192 2757 195 2762 ¹
263 2771 333 2864 των,
367 2789 418 2871 ναί
448 2787 508 2874 μὴν
535 2791 591 2850 καί
618 2797 678 2850 τών
703 2783 949 2872 ὀπογραψάντων
977 2785 1150 2872 ἀρχιερέων
1174 2783 1207 2849 ἐν
1231 2797 1294 2856 τοῖς
1324 2788 1417 2857 ζῶσιν
1444 2780 1534 2868 εὑρί-

258 2912 404 2997 σκεσθαι
431 2913 486 2974 καί
510 2907 572 2974 ἀπὸ
601 2918 655 2974 τοῦ
679 2913 735 2982 τάς
764 2905 948 2998 ὑπογραφάς
977 2907 1077 2973 αώτών
1103 2920 1177 2995 μιᾶς
1208 2912 1314 2994 χειρὸς
1338 2917 1533 2993 χαρακτῆρα

262 3041 494 3122 καταφανῆναι.
519 3029 562 3106 ὡς
585 3033 621 3096 δέ
645 3032 863 3118 άντεμάχοντο
887 3035 943 3095 καί
971 3032 1016 3096 ἔτι
1041 3029 1070 3096 οἱ
1098 3031 1262 3117 Σαμψηνυί
1290 3035 1345 3094 καί
1373 3040 1428 3094 τοῦ
1461 3054 1530 3094 τοι·

170 3175 173 3183 ’
261 3159 353 3222 οώτου
377 3160 508 3242 χορείου
532 3154 575 3230 ώς
604 3153 860 3242 ὁμολογουμένου
889 3154 1072 3241 ἀντείχοντο
1102 3152 1131 3220 οἱ
1160 3153 1220 3218 ἀπὸ
1248 3163 1302 3218 τοῦ
1331 3159 1445 3239 μέρους
1476 3164 1531 3239 τῆς

259 3279 457 3366 Κλεισοιίροις
480 3283 537 3345 καί
560 3289 615 3344 τοτ’)
639 3279 957 3364 Ἀμαζονοκορακίου
982 3275 1014 3340 ἐν
1039 3277 1158 3363 εἰδησει
1182 3274 1269 3350 ὄντες
1298 3285 1352 3342 τοῦ
1381 3277 1531 3362 συμπλα-

261 3408 398 3490 σαμένου
426 3413 518 3468 τοῦτο
543 3399 729 3486 ἀνθρώπου,
765 3398 850 3474 ὅστις
878 3404 934 3465 καί
963 3399 1026 3487 εἴη,
1052 3398 1338 3488 ἀναθαρσήσαντες
1367 3395 1465 3464 αὐτόν
1495 3423 1528 3462 τε

260 3529 313 3592 τὸν
348 3524 515 3612 ἄνθρωπον
550 3523 594 3597 είς
629 3528 725 3611 μέσον
763 3522 886 3611 ἤγαγον
920 3522 977 3588 καί
1009 3534 1239 3610 πραγματικῶς
1275 3521 1456 3608 ἀπήλεγεαν
1494 3525 1528 3585 τό

261 3652 463 3736 σκευώρημα.
491 3652 633 3734 παρέστη
662 3650 721 3732 γάρ
746 3645 763 3714 δ
787 3645 954 3733 ἄνθρωπος
980 3647 1030 3710 ἐπί
1054 3655 1108 3711 τοῦ
1132 3647 1352 3732 δικαστηρίου,
1382 3643 1420 3732 ἠν
1450 3644 1527 3710 δὲδ

263 3770 325 3836 ἀπὸ
349 3782 404 3858 τῆς
419 3771 618 3856 Κλεισούρας
634 3771 814 3850 Θεοδόσιος,
839 3771 1025 3856 βαθυγέρων
1049 3773 1105 3834 καί
1125 3773 1202 3856 πράς
1219 3781 1277 3858 γῆν
1301 3773 1527 3856 καμπτόμενος

263 3892 321 3960 ώπό
345 3898 473 3982 χρένου,
497 3898 553 3960 καί
576 3893 638 3982 ἤδη
661 3894 918 3982 προκαλούμενος
943 3891 984 3966 ώς
1014 3890 1180 3980 εὐεργέτην
1209 3897 1261 3957 τάν
1288 3896 1440 3968 θάνατον,
1471 3898 1527 3958 καί

264 4016 461 4104 ἁνεκάλυψεν
478 4016 522 4091 εἰς
546 3993 722 4106 τούμφανές
739 4020 773 4082 τά
798 4014 872 4082 ὅλον
889 4011 985 4082 αὐτοῦ
1002 4018 1143 4103 δράμμα,
1168 4013 1251 4092 ὅπως
1268 4019 1524 4104 συνεσκευάσθη,

262 4145 318 4206 καί
346 4139 477 4228 ἐξῄτησε
505 4143 691 4228 συγγνώμην
727 4137 776 4203 ἐπί
804 4143 845 4224 τῷ
871 4145 1056 4227 πταίσματι,
1085 4139 1132 4212 οἷς
1160 4141 1199 4205 δι’
1230 4138 1373 4228 ἀνάγκην
1402 4139 1525 4212 ἐνδείας

262 4263 306 4334 εἰς
335 4267 370 4329 τό
390 4274 539 4371 ’τοιοῦτον
574 4265 742 4351 συνηλάθη
771 4262 929 4354 ἀτόπημα.
959 4265 1051 4345 ἔλεγε
1081 4269 1152 4351 γὰρ,
1182 4262 1231 4330 ὅτι
1260 4267 1327 4330 ἐπεὶ
1358 4265 1521 4351 ἀνεψηλα-

261 4398 343 4473 φάτο
368 4386 430 4452 ἀπὸ
454 4397 508 4454 τοῦ
538 4394 650 4476 μέρους
677 4397 736 4451 τῶν
764 4387 939 4474 Σαμψηνών
970 4387 1018 4452 ἐπί
1046 4391 1087 4474 τῷ
1109 4387 1336 4474 Ἀλεξανδρείῳ
1364 4389 1523 4474 δικαίωμα

262 4510 531 4598 ἐπαγγειλάμενος
555 4507 646 4585 οὖτος
663 4510 748 4596 ἐχειν
772 4515 826 4574 καί
849 4513 1108 4599 παραφυλάσσειν
1126 4511 1298 4576 ἐπιδέδωκε
1323 4516 1357 4575 τά
1382 4522 1523 4576 τοιοῦτον

262 4640 405 4722 χαρτίον,
431 4637 447 4700 δ
472 4642 527 4702 καί
550 4637 725 4703 συνέπλασε
749 4635 854 4719 λαβών
872 4632 947 4722 ὑπέρ
971 4639 1081 4702 τούτου
1106 4633 1266 4723 ώπέρπορα
1284 4636 1330 4714 ιδ’,
1356 4634 1440 4700 ἀλλὰ
1463 4639 1522 4720 γάρ
